UTC,open,last,volume,askPrice1,bidPrice1
2022-05-19 08:00:00.147,3334.0,3335.0,87,3342.0,3335.0
2022-05-19 08:00:00.647,3334.0,3335.0,155,3341.5,3334.5
2022-05-19 08:00:01.124,3334.0,3335.5,196,3340.0,3335.0
2022-05-19 08:00:01.646,3334.0,3339.0,241,3339.0,3335.5
2022-05-19 08:00:02.130,3334.0,3338.0,261,3338.5,3336.0
2022-05-19 08:00:02.641,3334.0,3338.0,290,3338.0,3336.0
2022-05-19 08:00:03.139,3334.0,3337.0,317,3338.0,3337.0
2022-05-19 08:00:03.628,3334.0,3337.5,346,3340.0,3338.5
2022-05-19 08:00:04.125,3334.0,3338.0,354,3340.0,3339.0
2022-05-19 08:00:04.630,3334.0,3339.0,368,3341.5,3339.0
2022-05-19 08:00:05.144,3334.0,3335.0,393,3342.0,3335.0
2022-05-19 08:00:05.643,3334.0,3338.0,401,3340.0,3338.0
2022-05-19 08:00:06.136,3334.0,3342.5,420,3347.0,3342.5
2022-05-19 08:00:06.614,3334.0,3348.0,434,3348.0,3344.0
2022-05-19 08:00:07.022,3334.0,3347.5,441,3346.5,3346.0
2022-05-19 08:00:07.515,3334.0,3346.0,444,3347.0,3344.5
2022-05-19 08:00:08.120,3334.0,3346.5,451,3347.0,3343.5
2022-05-19 08:00:08.600,3334.0,3347.0,453,3346.5,3344.0
2022-05-19 08:00:09.145,3334.0,3347.0,483,3347.5,3347.0
2022-05-19 08:00:09.634,3334.0,3348.0,505,3345.5,3343.0
2022-05-19 08:00:10.145,3334.0,3348.0,523,3348.0,3346.5
2022-05-19 08:00:10.647,3334.0,3347.0,539,3348.5,3348.0
2022-05-19 08:00:11.125,3334.0,3347.0,548,3347.5,3347.0
2022-05-19 08:00:11.652,3334.0,3350.0,569,3350.0,3347.5
2022-05-19 08:00:12.143,3334.0,3348.0,590,3350.0,3348.5
2022-05-19 08:00:12.482,3334.0,3349.0,619,3352.0,3349.0
2022-05-19 08:00:13.118,3334.0,3356.0,626,3356.0,3351.5
2022-05-19 08:00:13.639,3334.0,3356.0,633,3356.0,3350.5
2022-05-19 08:00:14.129,3334.0,3351.0,647,3354.0,3350.5
2022-05-19 08:00:14.619,3334.0,3355.5,658,3353.5,3350.5
2022-05-19 08:00:15.135,3334.0,3353.0,667,3354.0,3350.5
2022-05-19 08:00:15.625,3334.0,3351.0,673,3353.0,3351.0
2022-05-19 08:00:16.140,3334.0,3355.5,690,3356.0,3352.5
2022-05-19 08:00:16.542,3334.0,3352.5,693,3353.5,3353.0
2022-05-19 08:00:17.084,3334.0,3355.0,708,3355.0,3353.0
2022-05-19 08:00:17.582,3334.0,3353.0,711,3355.0,3353.0
2022-05-19 08:00:18.126,3334.0,3353.0,715,3354.0,3351.0
2022-05-19 08:00:18.651,3334.0,3356.5,758,3358.5,3357.5
2022-05-19 08:00:19.139,3334.0,3357.5,770,3358.0,3357.5
2022-05-19 08:00:19.593,3334.0,3357.5,781,3358.0,3357.5
2022-05-19 08:00:20.100,3334.0,3357.5,791,3359.0,3357.5
2022-05-19 08:00:20.645,3334.0,3358.5,797,3359.5,3358.5
2022-05-19 08:00:21.153,3334.0,3359.5,810,3359.5,3357.5
2022-05-19 08:00:21.630,3334.0,3357.5,819,3358.5,3357.5
2022-05-19 08:00:22.148,3334.0,3358.5,839,3358.5,3357.5
2022-05-19 08:00:22.653,3334.0,3357.5,848,3357.5,3355.0
2022-05-19 08:00:23.146,3334.0,3355.0,860,3355.0,3353.5
2022-05-19 08:00:23.647,3334.0,3357.5,865,3357.0,3355.0
2022-05-19 08:00:24.145,3334.0,3355.0,867,3356.0,3354.5
2022-05-19 08:00:24.620,3334.0,3355.0,867,3355.5,3353.5
2022-05-19 08:00:25.150,3334.0,3355.5,870,3355.0,3354.5
2022-05-19 08:00:25.652,3334.0,3354.5,875,3354.5,3353.5
2022-05-19 08:00:26.107,3334.0,3353.5,878,3354.0,3353.5
2022-05-19 08:00:26.538,3334.0,3353.5,880,3353.5,3353.0
2022-05-19 08:00:27.143,3334.0,3352.5,883,3353.0,3351.5
2022-05-19 08:00:27.643,3334.0,3353.0,886,3353.0,3351.0
2022-05-19 08:00:28.142,3334.0,3353.0,893,3353.0,3351.0
2022-05-19 08:00:28.642,3334.0,3351.5,899,3351.5,3351.0
2022-05-19 08:00:29.020,3334.0,3353.0,906,3353.0,3352.0
2022-05-19 08:00:29.587,3334.0,3353.0,912,3353.5,3353.0
2022-05-19 08:00:30.077,3334.0,3353.0,922,3354.0,3353.0
2022-05-19 08:00:30.637,3334.0,3353.5,928,3354.0,3353.0
2022-05-19 08:00:31.044,3334.0,3353.0,935,3353.5,3353.0
2022-05-19 08:00:31.651,3334.0,3353.5,950,3353.5,3351.5
2022-05-19 08:00:32.046,3334.0,3353.5,950,3353.0,3351.5
2022-05-19 08:00:32.480,3334.0,3353.5,955,3354.0,3353.5
2022-05-19 08:00:33.128,3334.0,3351.0,959,3353.5,3351.0
2022-05-19 08:00:33.559,3334.0,3351.5,961,3351.5,3350.0
2022-05-19 08:00:33.848,3334.0,3351.5,961,3351.0,3350.0
2022-05-19 08:00:34.595,3334.0,3350.0,965,3353.0,3350.0
2022-05-19 08:00:35.154,3334.0,3352.5,970,3352.5,3350.0
2022-05-19 08:00:35.637,3334.0,3351.5,971,3352.0,3350.5
2022-05-19 08:00:36.010,3334.0,3351.5,975,3352.0,3350.0
2022-05-19 08:00:36.616,3334.0,3352.0,977,3353.0,3351.0
2022-05-19 08:00:36.979,3334.0,3354.0,988,3354.0,3353.5
2022-05-19 08:00:37.623,3334.0,3354.5,994,3355.0,3354.5
2022-05-19 08:00:38.147,3334.0,3355.0,1003,3355.5,3355.0
2022-05-19 08:00:38.594,3334.0,3355.5,1004,3355.0,3354.5
2022-05-19 08:00:39.124,3334.0,3354.0,1007,3355.0,3353.5
2022-05-19 08:00:39.542,3334.0,3353.5,1012,3355.0,3353.5
2022-05-19 08:00:40.081,3334.0,3353.5,1021,3355.0,3353.5
2022-05-19 08:00:40.641,3334.0,3353.5,1021,3354.5,3353.5
2022-05-19 08:00:41.126,3334.0,3353.5,1030,3356.0,3353.5
2022-05-19 08:00:41.586,3334.0,3353.5,1032,3355.0,3353.5
2022-05-19 08:00:42.141,3334.0,3354.5,1039,3355.0,3353.5
2022-05-19 08:00:42.634,3334.0,3353.5,1044,3355.0,3353.5
2022-05-19 08:00:43.134,3334.0,3353.5,1044,3354.5,3354.0
2022-05-19 08:00:43.395,3334.0,3354.5,1046,3355.0,3353.5
2022-05-19 08:00:44.109,3334.0,3356.0,1053,3356.0,3355.0
2022-05-19 08:00:44.575,3334.0,3355.0,1054,3355.0,3354.0
2022-05-19 08:00:45.152,3334.0,3353.5,1057,3354.5,3353.5
2022-05-19 08:00:45.537,3334.0,3354.0,1062,3354.0,3353.5
2022-05-19 08:00:46.152,3334.0,3353.0,1067,3353.0,3352.0
2022-05-19 08:00:46.593,3334.0,3351.5,1069,3352.0,3350.5
2022-05-19 08:00:47.124,3334.0,3352.0,1070,3352.5,3350.5
2022-05-19 08:00:47.597,3334.0,3350.5,1072,3351.5,3350.0
2022-05-19 08:00:48.120,3334.0,3351.5,1074,3352.0,3351.5
2022-05-19 08:00:48.581,3334.0,3351.5,1079,3350.5,3350.0
2022-05-19 08:00:48.920,3334.0,3350.5,1082,3352.0,3350.0
2022-05-19 08:00:49.427,3334.0,3350.5,1082,3351.5,3350.0
2022-05-19 08:00:50.146,3334.0,3350.0,1083,3351.5,3350.0
2022-05-19 08:00:50.488,3334.0,3351.5,1084,3351.5,3350.0
2022-05-19 08:00:51.089,3334.0,3350.5,1086,3351.5,3350.5
2022-05-19 08:00:51.597,3334.0,3351.5,1088,3352.0,3351.0
2022-05-19 08:00:52.009,3334.0,3351.5,1088,3352.0,3351.5
2022-05-19 08:00:52.603,3334.0,3351.5,1097,3352.0,3351.5
2022-05-19 08:00:53.066,3334.0,3352.0,1100,3353.5,3351.5
2022-05-19 08:00:53.654,3334.0,3352.0,1101,3353.5,3351.5
2022-05-19 08:00:54.126,3334.0,3352.0,1110,3353.5,3352.0
2022-05-19 08:00:54.647,3334.0,3350.5,1151,3353.5,3352.5
2022-05-19 08:00:55.127,3334.0,3352.5,1156,3354.0,3353.5
2022-05-19 08:00:55.527,3334.0,3354.0,1160,3354.5,3354.0
2022-05-19 08:00:55.945,3334.0,3354.5,1162,3355.0,3354.0
2022-05-19 08:00:56.572,3334.0,3354.5,1162,3354.5,3354.0
2022-05-19 08:00:57.132,3334.0,3354.0,1164,3354.5,3353.5
2022-05-19 08:00:57.440,3334.0,3354.5,1166,3354.0,3353.5
2022-05-19 08:00:58.056,3334.0,3354.0,1167,3354.5,3354.0
2022-05-19 08:00:58.626,3334.0,3354.0,1168,3354.5,3353.5
2022-05-19 08:00:59.476,3334.0,3353.5,1172,3354.0,3350.5
2022-05-19 08:01:00.030,3334.0,3354.5,1177,3354.5,3352.0
2022-05-19 08:01:00.647,3334.0,3352.0,1184,3353.5,3350.5
2022-05-19 08:01:01.013,3334.0,3353.0,1189,3353.0,3352.0
2022-05-19 08:01:01.621,3334.0,3352.5,1190,3352.5,3351.5
2022-05-19 08:01:02.038,3334.0,3352.5,1190,3352.5,3352.0
2022-05-19 08:01:02.644,3334.0,3350.5,1196,3351.5,3350.5
2022-05-19 08:01:03.105,3334.0,3353.0,1206,3353.5,3351.0
2022-05-19 08:01:03.639,3334.0,3353.0,1208,3353.5,3353.0
2022-05-19 08:01:04.088,3334.0,3353.0,1209,3353.0,3350.5
2022-05-19 08:01:04.433,3334.0,3353.0,1209,3353.0,3351.0
2022-05-19 08:01:05.151,3334.0,3351.0,1212,3353.0,3351.0
2022-05-19 08:01:05.610,3334.0,3353.0,1213,3353.0,3352.5
2022-05-19 08:01:06.151,3334.0,3353.0,1217,3353.0,3352.5
2022-05-19 08:01:06.584,3334.0,3352.5,1220,3352.5,3351.5
2022-05-19 08:01:07.053,3334.0,3352.5,1220,3352.5,3351.0
2022-05-19 08:01:07.549,3334.0,3352.5,1251,3353.0,3352.0
2022-05-19 08:01:08.040,3334.0,3351.5,1262,3354.0,3351.5
2022-05-19 08:01:08.520,3334.0,3352.0,1263,3353.5,3351.5
2022-05-19 08:01:08.988,3334.0,3352.0,1263,3353.5,3351.0
2022-05-19 08:01:09.433,3334.0,3353.5,1264,3353.5,3352.5
2022-05-19 08:01:10.065,3334.0,3352.0,1265,3353.5,3351.5
2022-05-19 08:01:10.556,3334.0,3352.0,1265,3351.5,3351.0
2022-05-19 08:01:11.149,3334.0,3351.5,1267,3352.5,3350.5
2022-05-19 08:01:11.604,3334.0,3352.5,1268,3353.5,3351.0
2022-05-19 08:01:12.145,3334.0,3351.0,1272,3351.0,3350.5
2022-05-19 08:01:12.646,3334.0,3351.0,1276,3352.0,3350.5
2022-05-19 08:01:13.020,3334.0,3351.0,1278,3352.0,3350.5
2022-05-19 08:01:14.016,3334.0,3350.5,1279,3351.0,3350.5
2022-05-19 08:01:14.443,3334.0,3350.0,1282,3351.0,3350.0
2022-05-19 08:01:15.124,3334.0,3350.0,1292,3347.5,3347.0
2022-05-19 08:01:15.582,3334.0,3351.0,1298,3352.0,3351.0
2022-05-19 08:01:16.149,3334.0,3351.0,1306,3350.5,3349.5
2022-05-19 08:01:16.633,3334.0,3351.0,1306,3350.5,3349.5
2022-05-19 08:01:17.016,3334.0,3350.5,1307,3350.5,3349.5
2022-05-19 08:01:17.300,3334.0,3350.5,1307,3350.5,3349.5
2022-05-19 08:01:18.583,3334.0,3350.5,1311,3350.5,3349.5
2022-05-19 08:01:18.827,3334.0,3349.5,1312,3350.5,3349.5
2022-05-19 08:01:19.513,3334.0,3350.5,1315,3350.0,3349.5
2022-05-19 08:01:20.022,3334.0,3349.5,1316,3350.0,3347.5
2022-05-19 08:01:20.615,3334.0,3349.5,1317,3349.5,3349.0
2022-05-19 08:01:21.120,3334.0,3349.0,1323,3350.0,3349.5
2022-05-19 08:01:21.600,3334.0,3350.0,1328,3350.0,3348.5
2022-05-19 08:01:21.990,3334.0,3350.0,1331,3350.5,3348.5
2022-05-19 08:01:23.128,3334.0,3350.0,1331,3350.5,3348.5
2022-05-19 08:01:23.608,3334.0,3348.5,1332,3350.0,3347.5
2022-05-19 08:01:24.125,3334.0,3349.5,1333,3350.0,3347.5
2022-05-19 08:01:24.646,3334.0,3347.5,1334,3349.5,3347.5
2022-05-19 08:01:25.124,3334.0,3347.5,1341,3350.0,3347.0
2022-05-19 08:01:25.427,3334.0,3347.5,1347,3349.0,3347.5
2022-05-19 08:01:26.020,3334.0,3347.5,1347,3349.0,3347.5
2022-05-19 08:01:26.571,3334.0,3347.5,1353,3347.5,3347.0
2022-05-19 08:01:27.046,3334.0,3347.0,1359,3347.5,3346.5
2022-05-19 08:01:27.654,3334.0,3347.5,1363,3347.5,3346.5
2022-05-19 08:01:28.121,3334.0,3347.5,1370,3348.5,3347.5
2022-05-19 08:01:28.594,3334.0,3347.5,1375,3347.5,3347.0
2022-05-19 08:01:29.079,3334.0,3347.5,1382,3349.5,3347.5
2022-05-19 08:01:29.504,3334.0,3347.5,1386,3349.0,3348.0
2022-05-19 08:01:30.104,3334.0,3347.5,1393,3349.0,3347.0
2022-05-19 08:01:30.649,3334.0,3347.0,1396,3347.0,3346.5
2022-05-19 08:01:31.131,3334.0,3346.5,1401,3346.5,3346.0
2022-05-19 08:01:31.485,3334.0,3347.0,1404,3346.5,3345.5
2022-05-19 08:01:32.143,3334.0,3346.0,1411,3346.0,3345.0
2022-05-19 08:01:32.640,3334.0,3345.0,1412,3345.0,3344.0
2022-05-19 08:01:33.092,3334.0,3345.0,1412,3345.0,3344.0
2022-05-19 08:01:33.563,3334.0,3344.0,1416,3345.0,3343.0
2022-05-19 08:01:33.957,3334.0,3345.0,1417,3345.0,3343.0
2022-05-19 08:01:34.624,3334.0,3343.5,1420,3345.0,3343.5
2022-05-19 08:01:35.032,3334.0,3344.5,1422,3345.0,3343.5
2022-05-19 08:01:35.568,3334.0,3343.5,1423,3344.5,3344.0
2022-05-19 08:01:36.143,3334.0,3345.0,1429,3346.0,3345.0
2022-05-19 08:01:36.485,3334.0,3345.0,1429,3346.0,3345.0
2022-05-19 08:01:37.080,3334.0,3345.5,1432,3346.0,3345.0
2022-05-19 08:01:37.598,3334.0,3345.0,1433,3345.5,3344.5
2022-05-19 08:01:38.129,3334.0,3345.0,1433,3345.0,3344.5
2022-05-19 08:01:38.432,3334.0,3346.0,1439,3346.0,3344.5
2022-05-19 08:01:39.092,3334.0,3345.5,1443,3345.5,3344.5
2022-05-19 08:01:39.427,3334.0,3345.5,1443,3345.0,3344.5
2022-05-19 08:01:39.944,3334.0,3345.0,1445,3346.0,3345.0
2022-05-19 08:01:40.569,3334.0,3344.0,1450,3345.5,3344.0
2022-05-19 08:01:41.131,3334.0,3344.0,1452,3346.0,3343.5
2022-05-19 08:01:41.586,3334.0,3344.5,1454,3344.5,3343.5
2022-05-19 08:01:42.616,3334.0,3344.5,1455,3344.5,3343.5
2022-05-19 08:01:42.925,3334.0,3344.0,1456,3344.5,3343.5
2022-05-19 08:01:43.584,3334.0,3344.5,1458,3344.5,3343.5
2022-05-19 08:01:44.147,3334.0,3343.5,1461,3345.5,3343.5
2022-05-19 08:01:44.519,3334.0,3343.5,1462,3345.0,3344.5
2022-05-19 08:01:45.136,3334.0,3344.5,1466,3345.0,3344.5
2022-05-19 08:01:45.619,3334.0,3345.0,1471,3344.0,3343.5
2022-05-19 08:01:46.123,3334.0,3344.0,1473,3345.0,3344.0
2022-05-19 08:01:46.647,3334.0,3344.0,1473,3344.0,3343.5
2022-05-19 08:01:46.925,3334.0,3344.0,1473,3344.0,3343.5
2022-05-19 08:01:47.561,3334.0,3344.0,1474,3344.5,3344.0
2022-05-19 08:01:48.102,3334.0,3345.0,1480,3345.5,3344.5
2022-05-19 08:01:48.561,3334.0,3344.0,1486,3344.5,3344.0
2022-05-19 08:01:49.039,3334.0,3344.5,1491,3345.5,3344.0
2022-05-19 08:01:49.609,3334.0,3344.0,1496,3345.0,3343.5
2022-05-19 08:01:50.101,3334.0,3344.0,1496,3344.5,3343.5
2022-05-19 08:01:50.456,3334.0,3344.0,1496,3344.0,3343.5
2022-05-19 08:01:51.126,3334.0,3345.0,1501,3345.0,3344.0
2022-05-19 08:01:51.585,3334.0,3344.0,1502,3345.0,3344.0
2022-05-19 08:01:52.148,3334.0,3345.0,1504,3345.0,3344.0
2022-05-19 08:01:52.652,3334.0,3345.0,1505,3345.5,3345.0
2022-05-19 08:01:53.003,3334.0,3345.0,1507,3345.5,3345.0
2022-05-19 08:01:53.612,3334.0,3345.5,1508,3345.5,3345.0
2022-05-19 08:01:53.933,3334.0,3345.5,1508,3345.5,3345.0
2022-05-19 08:01:54.426,3334.0,3345.0,1509,3345.5,3345.0
2022-05-19 08:01:55.322,3334.0,3345.0,1509,3345.5,3345.0
2022-05-19 08:01:56.073,3334.0,3345.0,1512,3345.5,3345.0
2022-05-19 08:01:56.510,3334.0,3345.5,1516,3345.5,3345.0
2022-05-19 08:01:57.497,3334.0,3345.0,1519,3345.0,3344.5
2022-05-19 08:01:58.261,3334.0,3345.0,1520,3345.0,3344.5
2022-05-19 08:01:59.572,3334.0,3345.0,1523,3345.0,3344.0
2022-05-19 08:02:00.132,3334.0,3345.0,1524,3345.0,3344.0
2022-05-19 08:02:00.608,3334.0,3344.0,1526,3344.5,3343.5
2022-05-19 08:02:01.139,3334.0,3343.0,1530,3344.5,3343.0
2022-05-19 08:02:01.632,3334.0,3343.0,1536,3343.0,3342.5
2022-05-19 08:02:02.103,3334.0,3343.0,1542,3343.0,3342.0
2022-05-19 08:02:02.499,3334.0,3343.0,1542,3342.5,3342.0
2022-05-19 08:02:03.145,3334.0,3342.5,1563,3342.0,3341.0
2022-05-19 08:02:03.535,3334.0,3342.5,1569,3342.0,3341.0
2022-05-19 08:02:03.894,3334.0,3341.0,1573,3343.0,3341.0
2022-05-19 08:02:04.594,3334.0,3341.0,1574,3343.0,3342.0
2022-05-19 08:02:05.002,3334.0,3341.0,1574,3343.0,3342.5
2022-05-19 08:02:05.474,3334.0,3341.0,1578,3343.0,3341.5
2022-05-19 08:02:06.103,3334.0,3341.0,1578,3342.0,3341.5
2022-05-19 08:02:06.563,3334.0,3341.0,1578,3342.0,3341.5
2022-05-19 08:02:06.928,3334.0,3342.0,1581,3342.0,3341.5
2022-05-19 08:02:07.430,3334.0,3342.0,1583,3343.0,3342.0
2022-05-19 08:02:08.103,3334.0,3343.0,1586,3343.0,3342.0
2022-05-19 08:02:08.530,3334.0,3342.0,1591,3344.0,3342.0
2022-05-19 08:02:09.108,3334.0,3342.0,1591,3344.0,3342.0
2022-05-19 08:02:10.127,3334.0,3342.0,1591,3343.5,3342.5
2022-05-19 08:02:10.594,3334.0,3342.0,1614,3342.5,3341.0
2022-05-19 08:02:11.117,3334.0,3342.5,1615,3343.0,3342.5
2022-05-19 08:02:11.643,3334.0,3342.5,1615,3343.0,3342.0
2022-05-19 08:02:11.925,3334.0,3342.5,1615,3343.0,3342.5
2022-05-19 08:02:12.638,3334.0,3342.5,1615,3343.0,3342.5
2022-05-19 08:02:13.539,3334.0,3342.5,1616,3343.0,3342.5
2022-05-19 08:02:13.992,3334.0,3343.0,1623,3342.5,3340.5
2022-05-19 08:02:14.572,3334.0,3342.5,1624,3343.0,3342.5
2022-05-19 08:02:14.930,3334.0,3343.0,1628,3343.5,3343.0
2022-05-19 08:02:15.437,3334.0,3343.5,1630,3344.0,3343.0
2022-05-19 08:02:16.106,3334.0,3344.0,1631,3344.0,3343.5
2022-05-19 08:02:16.509,3334.0,3344.5,1636,3345.0,3343.5
2022-05-19 08:02:16.944,3334.0,3344.5,1642,3345.0,3344.0
2022-05-19 08:02:17.542,3334.0,3345.5,1656,3346.0,3345.0
2022-05-19 08:02:18.042,3334.0,3345.0,1657,3346.0,3345.0
2022-05-19 08:02:18.379,3334.0,3345.0,1657,3346.0,3345.0
2022-05-19 08:02:19.036,3334.0,3346.0,1658,3346.0,3345.0
2022-05-19 08:02:19.511,3334.0,3346.0,1660,3346.0,3345.0
2022-05-19 08:02:20.098,3334.0,3346.0,1660,3346.0,3345.0
2022-05-19 08:02:20.474,3334.0,3346.0,1661,3346.0,3345.0
2022-05-19 08:02:21.091,3334.0,3346.0,1662,3346.0,3345.0
2022-05-19 08:02:22.336,3334.0,3346.0,1662,3345.5,3345.0
2022-05-19 08:02:22.963,3334.0,3346.0,1666,3346.0,3345.0
2022-05-19 08:02:23.645,3334.0,3346.0,1666,3346.0,3345.0
2022-05-19 08:02:23.966,3334.0,3346.0,1667,3345.5,3345.0
2022-05-19 08:02:24.615,3334.0,3346.0,1675,3346.5,3343.0
2022-05-19 08:02:25.103,3334.0,3346.0,1675,3345.5,3344.5
2022-05-19 08:02:25.928,3334.0,3346.0,1676,3345.5,3344.5
2022-05-19 08:02:27.099,3334.0,3346.0,1676,3345.0,3344.5
2022-05-19 08:02:27.488,3334.0,3346.0,1676,3345.0,3344.5
2022-05-19 08:02:28.121,3334.0,3345.5,1680,3346.5,3345.5
2022-05-19 08:02:28.421,3334.0,3345.5,1681,3346.5,3345.0
2022-05-19 08:02:29.134,3334.0,3345.0,1683,3345.0,3342.5
2022-05-19 08:02:29.498,3334.0,3345.0,1685,3346.5,3346.0
2022-05-19 08:02:29.926,3334.0,3346.5,1695,3347.0,3343.5
2022-05-19 08:02:30.570,3334.0,3346.5,1697,3346.0,3345.0
2022-05-19 08:02:31.137,3334.0,3346.5,1697,3346.0,3345.0
2022-05-19 08:02:31.573,3334.0,3345.5,1700,3345.5,3345.0
2022-05-19 08:02:32.134,3334.0,3345.0,1704,3346.5,3345.0
2022-05-19 08:02:32.919,3334.0,3346.0,1705,3346.5,3345.0
2022-05-19 08:02:33.581,3334.0,3346.5,1706,3347.0,3346.5
2022-05-19 08:02:34.134,3334.0,3346.5,1712,3348.0,3346.5
2022-05-19 08:02:34.424,3334.0,3346.5,1712,3347.5,3346.5
2022-05-19 08:02:36.117,3334.0,3347.5,1713,3348.0,3347.5
2022-05-19 08:02:36.644,3334.0,3347.5,1718,3347.5,3346.5
2022-05-19 08:02:36.947,3334.0,3346.5,1719,3347.5,3346.5
2022-05-19 08:02:37.435,3334.0,3347.0,1722,3347.5,3346.5
2022-05-19 08:02:38.081,3334.0,3347.5,1724,3348.0,3346.5
2022-05-19 08:02:38.593,3334.0,3347.5,1724,3348.0,3347.5
2022-05-19 08:02:38.998,3334.0,3348.0,1727,3348.0,3347.5
2022-05-19 08:02:39.603,3334.0,3348.0,1731,3349.0,3348.0
2022-05-19 08:02:40.130,3334.0,3348.0,1732,3349.0,3347.5
2022-05-19 08:02:40.257,3334.0,3348.0,1732,3348.5,3347.5
2022-05-19 08:02:41.027,3334.0,3348.5,1733,3349.0,3347.5
2022-05-19 08:02:41.624,3334.0,3334.0,1834,3348.5,3334.0
2022-05-19 08:02:42.148,3334.0,3342.5,1857,3343.0,3339.0
2022-05-19 08:02:42.630,3334.0,3340.0,1868,3340.0,3338.5
2022-05-19 08:02:43.135,3334.0,3348.0,1883,3348.5,3342.0
2022-05-19 08:02:43.647,3334.0,3338.0,1891,3346.0,3338.0
2022-05-19 08:02:43.953,3334.0,3338.0,1891,3344.5,3339.5
2022-05-19 08:02:44.619,3334.0,3338.0,1891,3341.5,3340.0
2022-05-19 08:02:45.147,3334.0,3338.0,1891,3344.0,3340.0
2022-05-19 08:02:45.470,3334.0,3344.0,1892,3341.5,3340.0
2022-05-19 08:02:46.109,3334.0,3341.5,1894,3343.5,3340.5
2022-05-19 08:02:46.634,3334.0,3342.5,1897,3344.5,3342.0
2022-05-19 08:02:47.131,3334.0,3344.5,1899,3344.5,3343.5
2022-05-19 08:02:47.627,3334.0,3342.0,1902,3342.0,3341.5
2022-05-19 08:02:48.141,3334.0,3342.0,1909,3343.5,3342.0
2022-05-19 08:02:48.623,3334.0,3342.0,1909,3343.0,3342.0
2022-05-19 08:02:48.961,3334.0,3342.0,1913,3343.0,3342.0
2022-05-19 08:02:49.424,3334.0,3342.0,1914,3342.0,3341.0
2022-05-19 08:02:50.009,3334.0,3343.0,1923,3344.0,3343.0
2022-05-19 08:02:50.649,3334.0,3343.0,1925,3341.0,3339.0
2022-05-19 08:02:51.125,3334.0,3340.5,1926,3341.0,3340.0
2022-05-19 08:02:51.423,3334.0,3341.0,1928,3341.5,3340.0
2022-05-19 08:02:52.143,3334.0,3340.0,1931,3341.5,3339.0
2022-05-19 08:02:52.548,3334.0,3340.0,1935,3341.5,3340.5
2022-05-19 08:02:53.151,3334.0,3340.5,1938,3340.0,3338.5
2022-05-19 08:02:53.519,3334.0,3340.5,1938,3340.0,3338.5
2022-05-19 08:02:54.010,3334.0,3340.5,1939,3340.0,3339.0
2022-05-19 08:02:54.583,3334.0,3340.5,1939,3339.5,3339.0
2022-05-19 08:02:54.923,3334.0,3340.0,1942,3340.0,3339.0
2022-05-19 08:02:55.477,3334.0,3340.0,1942,3341.0,3340.0
2022-05-19 08:02:56.144,3334.0,3340.0,1942,3341.5,3341.0
2022-05-19 08:02:56.611,3334.0,3341.5,1947,3343.5,3341.5
2022-05-19 08:02:56.922,3334.0,3341.5,1948,3343.5,3341.5
2022-05-19 08:02:57.359,3334.0,3341.5,1948,3343.5,3341.5
2022-05-19 08:02:58.110,3334.0,3343.0,1949,3343.0,3341.5
2022-05-19 08:02:58.427,3334.0,3342.0,1951,3343.0,3341.5
2022-05-19 08:02:58.957,3334.0,3342.0,1951,3342.5,3341.5
2022-05-19 08:02:59.630,3334.0,3342.0,1953,3343.5,3341.5
2022-05-19 08:02:59.895,3334.0,3341.5,1954,3342.5,3341.5
2022-05-19 08:03:00.591,3334.0,3342.0,1955,3342.5,3341.5
2022-05-19 08:03:01.030,3334.0,3342.0,1957,3343.5,3341.5
2022-05-19 08:03:01.653,3334.0,3342.0,1959,3343.5,3342.0
2022-05-19 08:03:01.993,3334.0,3341.5,1961,3343.5,3342.0
2022-05-19 08:03:02.583,3334.0,3343.5,1964,3343.5,3342.0
2022-05-19 08:03:03.108,3334.0,3343.5,1965,3344.0,3342.5
2022-05-19 08:03:03.572,3334.0,3344.0,1970,3344.5,3343.0
2022-05-19 08:03:03.929,3334.0,3344.5,1971,3345.0,3343.5
2022-05-19 08:03:04.618,3334.0,3344.0,1973,3345.0,3344.0
2022-05-19 08:03:05.090,3334.0,3344.0,1975,3345.0,3344.5
2022-05-19 08:03:05.504,3334.0,3345.0,1976,3345.0,3344.5
2022-05-19 08:03:06.063,3334.0,3344.5,1984,3346.0,3344.5
2022-05-19 08:03:06.532,3334.0,3344.5,1986,3347.0,3344.0
2022-05-19 08:03:07.137,3334.0,3346.0,1989,3346.0,3345.0
2022-05-19 08:03:07.593,3334.0,3345.5,1991,3347.0,3345.5
2022-05-19 08:03:08.110,3334.0,3347.0,1992,3347.0,3346.0
2022-05-19 08:03:08.500,3334.0,3347.0,1994,3347.5,3346.0
2022-05-19 08:03:09.024,3334.0,3347.0,1996,3347.5,3346.0
2022-05-19 08:03:09.426,3334.0,3346.0,1997,3346.5,3345.5
2022-05-19 08:03:09.928,3334.0,3345.5,2000,3346.5,3345.5
2022-05-19 08:03:10.457,3334.0,3345.5,2001,3345.5,3344.0
2022-05-19 08:03:10.920,3334.0,3345.5,2001,3346.0,3344.0
2022-05-19 08:03:11.921,3334.0,3345.5,2001,3346.0,3344.5
2022-05-19 08:03:12.521,3334.0,3346.0,2002,3345.5,3344.5
2022-05-19 08:03:13.085,3334.0,3346.0,2004,3346.5,3346.0
2022-05-19 08:03:13.634,3334.0,3346.0,2007,3347.0,3345.5
2022-05-19 08:03:14.069,3334.0,3346.0,2007,3346.0,3345.5
2022-05-19 08:03:14.422,3334.0,3346.0,2008,3346.0,3345.5
2022-05-19 08:03:15.024,3334.0,3346.0,2009,3347.5,3345.5
2022-05-19 08:03:15.488,3334.0,3346.0,2009,3347.5,3345.5
2022-05-19 08:03:16.151,3334.0,3346.0,2009,3347.0,3345.5
2022-05-19 08:03:16.265,3334.0,3346.0,2009,3346.5,3345.5
2022-05-19 08:03:17.023,3334.0,3346.0,2009,3346.0,3345.5
2022-05-19 08:03:17.488,3334.0,3347.0,2011,3347.0,3346.0
2022-05-19 08:03:18.004,3334.0,3345.5,2017,3345.5,3345.0
2022-05-19 08:03:18.425,3334.0,3345.5,2021,3347.0,3345.5
2022-05-19 08:03:19.108,3334.0,3345.5,2022,3347.0,3345.5
2022-05-19 08:03:19.463,3334.0,3347.0,2023,3347.0,3345.5
2022-05-19 08:03:20.118,3334.0,3345.5,2026,3345.5,3345.0
2022-05-19 08:03:20.521,3334.0,3347.0,2028,3347.0,3345.5
2022-05-19 08:03:20.974,3334.0,3347.0,2030,3347.0,3345.5
2022-05-19 08:03:21.441,3334.0,3347.0,2031,3347.5,3345.5
2022-05-19 08:03:22.093,3334.0,3347.0,2031,3346.5,3345.5
2022-05-19 08:03:22.581,3334.0,3346.5,2032,3347.5,3346.5
2022-05-19 08:03:22.924,3334.0,3347.5,2033,3347.5,3347.0
2022-05-19 08:03:23.426,3334.0,3347.5,2042,3348.0,3347.5
2022-05-19 08:03:23.995,3334.0,3348.5,2047,3349.0,3347.5
2022-05-19 08:03:25.153,3334.0,3349.0,2048,3349.0,3347.5
2022-05-19 08:03:25.532,3334.0,3349.0,2048,3349.0,3347.5
2022-05-19 08:03:26.148,3334.0,3347.5,2054,3347.5,3346.5
2022-05-19 08:03:26.353,3334.0,3347.5,2054,3347.0,3346.5
2022-05-19 08:03:27.067,3334.0,3346.5,2068,3347.5,3346.5
2022-05-19 08:03:27.654,3334.0,3346.0,2096,3346.0,3345.0
2022-05-19 08:03:28.153,3334.0,3346.0,2105,3346.0,3344.0
2022-05-19 08:03:28.612,3334.0,3345.0,2107,3345.5,3344.0
2022-05-19 08:03:28.998,3334.0,3345.0,2107,3345.0,3344.0
2022-05-19 08:03:29.642,3334.0,3344.0,2109,3344.0,3343.5
2022-05-19 08:03:30.105,3334.0,3345.0,2114,3345.5,3343.5
2022-05-19 08:03:30.643,3334.0,3343.5,2116,3344.0,3342.5
2022-05-19 08:03:31.093,3334.0,3343.5,2116,3343.5,3342.5
2022-05-19 08:03:31.607,3334.0,3343.5,2116,3343.5,3343.0
2022-05-19 08:03:32.930,3334.0,3343.5,2123,3343.5,3343.0
2022-05-19 08:03:33.581,3334.0,3343.5,2129,3344.0,3343.0
2022-05-19 08:03:33.969,3334.0,3343.5,2129,3344.0,3343.0
2022-05-19 08:03:34.634,3334.0,3343.5,2130,3343.5,3343.0
2022-05-19 08:03:34.971,3334.0,3343.0,2131,3343.5,3343.0
2022-05-19 08:03:35.575,3334.0,3343.5,2136,3344.0,3343.0
2022-05-19 08:03:36.129,3334.0,3343.5,2137,3344.0,3343.0
2022-05-19 08:03:36.991,3334.0,3343.0,2139,3343.0,3342.5
2022-05-19 08:03:37.561,3334.0,3343.0,2140,3343.0,3342.5
2022-05-19 08:03:37.999,3334.0,3343.0,2142,3343.0,3342.5
2022-05-19 08:03:38.651,3334.0,3342.5,2143,3343.0,3342.5
2022-05-19 08:03:39.062,3334.0,3342.5,2144,3343.0,3342.5
2022-05-19 08:03:39.452,3334.0,3343.0,2148,3343.0,3342.0
2022-05-19 08:03:39.947,3334.0,3343.0,2148,3342.5,3342.0
2022-05-19 08:03:40.608,3334.0,3341.5,2154,3341.5,3341.0
2022-05-19 08:03:41.127,3334.0,3341.5,2155,3341.5,3341.0
2022-05-19 08:03:41.551,3334.0,3341.5,2155,3341.5,3341.0
2022-05-19 08:03:41.904,3334.0,3341.5,2156,3341.5,3341.0
2022-05-19 08:03:42.572,3334.0,3341.5,2157,3341.5,3341.0
2022-05-19 08:03:43.086,3334.0,3341.5,2159,3341.5,3341.0
2022-05-19 08:03:43.605,3334.0,3341.5,2160,3341.5,3341.0
2022-05-19 08:03:43.919,3334.0,3342.0,2164,3342.5,3341.5
2022-05-19 08:03:44.580,3334.0,3341.5,2165,3342.5,3341.5
2022-05-19 08:03:45.109,3334.0,3342.5,2168,3343.0,3341.5
2022-05-19 08:03:45.621,3334.0,3341.5,2170,3343.0,3341.5
2022-05-19 08:03:46.149,3334.0,3341.5,2170,3343.0,3342.0
2022-05-19 08:03:46.986,3334.0,3343.0,2171,3343.0,3342.0
2022-05-19 08:03:48.134,3334.0,3343.0,2174,3343.0,3342.0
2022-05-19 08:03:48.647,3334.0,3342.0,2188,3343.0,3342.0
2022-05-19 08:03:48.991,3334.0,3343.0,2189,3344.0,3343.0
2022-05-19 08:03:49.576,3334.0,3343.0,2192,3343.0,3342.5
2022-05-19 08:03:50.149,3334.0,3344.0,2197,3344.0,3343.0
2022-05-19 08:03:50.623,3334.0,3343.5,2198,3344.0,3343.0
2022-05-19 08:03:52.098,3334.0,3343.0,2200,3344.0,3343.0
2022-05-19 08:03:52.563,3334.0,3344.0,2201,3344.0,3343.0
2022-05-19 08:03:53.095,3334.0,3344.0,2202,3344.0,3343.0
2022-05-19 08:03:53.345,3334.0,3344.0,2202,3344.0,3343.0
2022-05-19 08:03:54.597,3334.0,3343.0,2204,3343.0,3342.5
2022-05-19 08:03:54.954,3334.0,3343.0,2206,3343.0,3342.5
2022-05-19 08:03:56.454,3334.0,3342.5,2208,3343.0,3342.5
2022-05-19 08:03:56.856,3334.0,3343.0,2210,3343.0,3342.0
2022-05-19 08:03:57.944,3334.0,3343.0,2210,3343.0,3342.0
2022-05-19 08:03:58.621,3334.0,3343.0,2210,3342.5,3342.0
2022-05-19 08:03:59.956,3334.0,3343.0,2210,3342.5,3342.0
2022-05-19 08:04:00.179,3334.0,3342.5,2213,3342.5,3342.0
2022-05-19 08:04:01.076,3334.0,3342.5,2213,3342.5,3342.0
2022-05-19 08:04:01.426,3334.0,3341.5,2221,3342.5,3341.5
2022-05-19 08:04:02.012,3334.0,3342.0,2227,3342.0,3341.0
2022-05-19 08:04:02.644,3334.0,3342.0,2228,3342.0,3341.0
2022-05-19 08:04:03.100,3334.0,3342.0,2228,3342.0,3341.0
2022-05-19 08:04:03.493,3334.0,3341.0,2232,3341.5,3341.0
2022-05-19 08:04:04.075,3334.0,3340.5,2243,3340.5,3340.0
2022-05-19 08:04:04.558,3334.0,3340.0,2252,3339.5,3339.0
2022-05-19 08:04:05.068,3334.0,3339.0,2256,3339.5,3339.0
2022-05-19 08:04:05.487,3334.0,3338.5,2258,3339.0,3338.0
2022-05-19 08:04:06.100,3334.0,3338.0,2259,3338.5,3336.0
2022-05-19 08:04:06.648,3334.0,3339.0,2265,3339.5,3339.0
2022-05-19 08:04:06.932,3334.0,3339.0,2266,3339.0,3336.5
2022-05-19 08:04:07.584,3334.0,3337.0,2272,3339.5,3337.0
2022-05-19 08:04:08.085,3334.0,3339.0,2276,3339.5,3337.0
2022-05-19 08:04:08.426,3334.0,3339.5,2277,3339.5,3337.5
2022-05-19 08:04:09.029,3334.0,3338.0,2279,3340.0,3338.0
2022-05-19 08:04:09.653,3334.0,3338.0,2279,3339.5,3337.0
2022-05-19 08:04:10.119,3334.0,3338.0,2281,3338.0,3337.0
2022-05-19 08:04:10.427,3334.0,3336.5,2283,3337.0,3336.0
2022-05-19 08:04:10.932,3334.0,3336.0,2288,3338.0,3335.5
2022-05-19 08:04:11.593,3334.0,3336.5,2289,3337.0,3336.0
2022-05-19 08:04:12.146,3334.0,3336.0,2291,3337.0,3335.5
2022-05-19 08:04:12.427,3334.0,3337.0,2293,3337.5,3335.5
2022-05-19 08:04:13.087,3334.0,3337.5,2294,3338.0,3336.0
2022-05-19 08:04:13.422,3334.0,3336.0,2296,3338.0,3335.5
2022-05-19 08:04:14.118,3334.0,3335.5,2298,3337.5,3337.0
2022-05-19 08:04:14.452,3334.0,3335.5,2300,3335.5,3335.0
2022-05-19 08:04:14.969,3334.0,3335.0,2303,3335.5,3334.5
2022-05-19 08:04:15.551,3334.0,3335.5,2311,3336.5,3335.0
2022-05-19 08:04:15.983,3334.0,3335.5,2311,3337.0,3335.5
2022-05-19 08:04:16.636,3334.0,3335.5,2312,3336.0,3335.5
2022-05-19 08:04:16.922,3334.0,3335.5,2313,3335.5,3335.0
2022-05-19 08:04:17.586,3334.0,3335.5,2314,3335.5,3335.0
2022-05-19 08:04:18.053,3334.0,3335.5,2316,3335.5,3334.5
2022-05-19 08:04:18.579,3334.0,3335.5,2319,3335.5,3334.5
2022-05-19 08:04:18.919,3334.0,3335.0,2321,3335.0,3334.5
2022-05-19 08:04:19.454,3334.0,3335.0,2328,3336.0,3335.5
2022-05-19 08:04:20.114,3334.0,3335.0,2337,3335.0,3334.0
2022-05-19 08:04:20.587,3334.0,3335.0,2341,3335.0,3334.5
2022-05-19 08:04:21.021,3334.0,3335.5,2345,3335.0,3334.5
2022-05-19 08:04:21.361,3334.0,3336.0,2347,3336.0,3334.5
2022-05-19 08:04:22.119,3334.0,3335.0,2348,3335.0,3334.5
2022-05-19 08:04:22.629,3334.0,3334.5,2349,3335.0,3334.5
2022-05-19 08:04:23.027,3334.0,3334.5,2359,3335.0,3334.5
2022-05-19 08:04:23.654,3334.0,3334.0,2365,3334.0,3333.5
2022-05-19 08:04:23.996,3334.0,3334.0,2367,3334.0,3333.5
2022-05-19 08:04:24.484,3334.0,3333.5,2370,3333.5,3333.0
2022-05-19 08:04:25.025,3334.0,3333.0,2383,3334.5,3333.0
2022-05-19 08:04:25.626,3334.0,3333.0,2394,3333.5,3333.0
2022-05-19 08:04:26.123,3334.0,3332.5,2404,3333.5,3332.0
2022-05-19 08:04:26.419,3334.0,3332.0,2406,3333.0,3332.0
2022-05-19 08:04:27.043,3334.0,3332.0,2412,3332.0,3331.0
2022-05-19 08:04:27.623,3334.0,3331.0,2418,3333.0,3332.0
2022-05-19 08:04:28.100,3334.0,3331.0,2426,3331.0,3330.5
2022-05-19 08:04:28.654,3334.0,3330.5,2429,3331.0,3330.5
2022-05-19 08:04:29.154,3334.0,3331.0,2436,3330.5,3330.0
2022-05-19 08:04:29.636,3334.0,3330.5,2439,3330.5,3330.0
2022-05-19 08:04:30.626,3334.0,3330.0,2447,3330.0,3329.0
2022-05-19 08:04:31.084,3334.0,3328.0,2454,3329.0,3327.5
2022-05-19 08:04:31.630,3334.0,3328.0,2461,3327.5,3326.0
2022-05-19 08:04:32.050,3334.0,3326.0,2465,3326.0,3325.0
2022-05-19 08:04:32.653,3334.0,3325.0,2471,3325.5,3325.0
2022-05-19 08:04:33.130,3334.0,3325.0,2478,3325.0,3323.0
2022-05-19 08:04:33.576,3334.0,3325.0,2478,3324.5,3323.0
2022-05-19 08:04:34.122,3334.0,3325.0,2481,3325.0,3324.0
2022-05-19 08:04:34.621,3334.0,3325.0,2490,3325.5,3325.0
2022-05-19 08:04:35.106,3334.0,3325.5,2494,3326.0,3325.5
2022-05-19 08:04:35.552,3334.0,3325.5,2507,3325.5,3325.0
2022-05-19 08:04:36.118,3334.0,3325.5,2511,3327.5,3325.5
2022-05-19 08:04:36.645,3334.0,3325.5,2513,3327.5,3326.0
2022-05-19 08:04:37.120,3334.0,3325.5,2514,3327.5,3326.5
2022-05-19 08:04:37.634,3334.0,3327.5,2518,3328.0,3326.5
2022-05-19 08:04:38.119,3334.0,3327.5,2520,3328.0,3326.5
2022-05-19 08:04:39.151,3334.0,3327.5,2521,3327.5,3326.5
2022-05-19 08:04:39.425,3334.0,3328.0,2525,3328.5,3326.5
2022-05-19 08:04:40.122,3334.0,3328.5,2527,3329.0,3328.5
2022-05-19 08:04:40.492,3334.0,3329.0,2530,3329.0,3328.5
2022-05-19 08:04:41.006,3334.0,3329.0,2534,3330.0,3329.0
2022-05-19 08:04:41.554,3334.0,3329.0,2535,3330.0,3329.0
2022-05-19 08:04:42.030,3334.0,3329.0,2539,3329.5,3328.5
2022-05-19 08:04:42.463,3334.0,3330.0,2550,3330.0,3329.0
2022-05-19 08:04:43.133,3334.0,3330.0,2554,3330.0,3328.5
2022-05-19 08:04:43.565,3334.0,3329.0,2558,3329.0,3328.0
2022-05-19 08:04:44.126,3334.0,3329.0,2560,3329.0,3328.0
2022-05-19 08:04:44.584,3334.0,3329.0,2561,3329.0,3328.0
2022-05-19 08:04:45.150,3334.0,3329.0,2563,3329.0,3328.0
2022-05-19 08:04:45.429,3334.0,3328.0,2567,3329.0,3327.5
2022-05-19 08:04:46.030,3334.0,3328.0,2569,3329.0,3328.0
2022-05-19 08:04:46.428,3334.0,3329.0,2576,3329.5,3328.0
2022-05-19 08:04:47.123,3334.0,3329.5,2578,3330.0,3329.5
2022-05-19 08:04:47.572,3334.0,3329.0,2584,3330.0,3328.0
2022-05-19 08:04:48.119,3334.0,3330.0,2589,3330.5,3328.0
2022-05-19 08:04:48.651,3334.0,3330.0,2590,3329.5,3328.0
2022-05-19 08:04:48.940,3334.0,3329.5,2593,3329.5,3328.0
2022-05-19 08:04:49.456,3334.0,3328.5,2595,3329.0,3327.5
2022-05-19 08:04:50.150,3334.0,3330.5,2601,3330.5,3327.5
2022-05-19 08:04:50.492,3334.0,3330.5,2605,3329.5,3328.0
2022-05-19 08:04:51.081,3334.0,3328.5,2609,3330.0,3329.5
2022-05-19 08:04:51.631,3334.0,3328.5,2612,3328.5,3328.0
2022-05-19 08:04:52.085,3334.0,3328.5,2613,3330.0,3327.5
2022-05-19 08:04:52.529,3334.0,3328.5,2613,3328.0,3327.5
2022-05-19 08:04:53.114,3334.0,3328.5,2614,3328.0,3327.5
2022-05-19 08:04:53.602,3334.0,3328.0,2624,3328.0,3327.0
2022-05-19 08:04:54.145,3334.0,3328.0,2628,3328.0,3327.0
2022-05-19 08:04:54.574,3334.0,3328.0,2630,3328.0,3327.0
2022-05-19 08:04:55.101,3334.0,3328.0,2635,3328.0,3327.5
2022-05-19 08:04:55.645,3334.0,3328.5,2639,3330.0,3328.0
2022-05-19 08:04:56.089,3334.0,3328.0,2640,3330.0,3328.0
2022-05-19 08:04:56.641,3334.0,3328.0,2640,3329.5,3328.0
2022-05-19 08:04:57.145,3334.0,3327.5,2647,3328.0,3327.0
2022-05-19 08:04:57.511,3334.0,3328.0,2649,3328.0,3327.0
2022-05-19 08:04:58.415,3334.0,3328.0,2649,3328.0,3327.5
2022-05-19 08:04:59.054,3334.0,3328.0,2652,3327.5,3327.0
2022-05-19 08:04:59.654,3334.0,3328.0,2652,3327.5,3327.0
2022-05-19 08:04:59.972,3334.0,3328.0,2657,3327.5,3327.0
2022-05-19 08:05:00.604,3334.0,3326.5,2666,3327.5,3326.5
2022-05-19 08:05:01.110,3334.0,3326.0,2675,3327.5,3326.0
2022-05-19 08:05:01.597,3334.0,3327.5,2680,3328.5,3327.5
2022-05-19 08:05:01.926,3334.0,3327.0,2683,3329.0,3327.0
2022-05-19 08:05:02.589,3334.0,3328.0,2685,3328.5,3326.0
2022-05-19 08:05:03.132,3334.0,3328.0,2686,3329.0,3327.5
2022-05-19 08:05:03.608,3334.0,3327.5,2687,3329.0,3326.5
2022-05-19 08:05:03.919,3334.0,3327.5,2688,3328.5,3328.0
2022-05-19 08:05:04.527,3334.0,3328.0,2690,3329.0,3327.0
2022-05-19 08:05:05.025,3334.0,3327.5,2693,3327.5,3327.0
2022-05-19 08:05:05.588,3334.0,3327.5,2694,3327.5,3327.0
2022-05-19 08:05:06.046,3334.0,3327.5,2696,3327.5,3327.0
2022-05-19 08:05:06.552,3334.0,3327.0,2708,3327.0,3326.5
2022-05-19 08:05:06.975,3334.0,3326.5,2713,3328.5,3327.0
2022-05-19 08:05:07.594,3334.0,3326.5,2722,3326.5,3326.0
2022-05-19 08:05:07.996,3334.0,3326.5,2745,3328.5,3326.0
2022-05-19 08:05:08.609,3334.0,3326.5,2745,3328.5,3327.0
2022-05-19 08:05:09.102,3334.0,3326.5,2746,3328.5,3327.0
2022-05-19 08:05:09.652,3334.0,3327.0,2747,3328.5,3326.5
2022-05-19 08:05:09.935,3334.0,3328.5,2748,3328.5,3328.0
2022-05-19 08:05:10.600,3334.0,3328.5,2748,3328.5,3328.0
2022-05-19 08:05:11.532,3334.0,3328.0,2751,3328.5,3327.5
2022-05-19 08:05:12.056,3334.0,3328.0,2754,3328.5,3328.0
2022-05-19 08:05:12.550,3334.0,3328.0,2754,3328.5,3328.0
2022-05-19 08:05:13.098,3334.0,3328.0,2761,3328.0,3327.0
2022-05-19 08:05:13.619,3334.0,3328.0,2767,3328.5,3327.0
2022-05-19 08:05:14.119,3334.0,3328.5,2773,3329.0,3328.5
2022-05-19 08:05:14.609,3334.0,3328.5,2777,3330.0,3329.0
2022-05-19 08:05:15.072,3334.0,3330.0,2783,3330.0,3329.5
2022-05-19 08:05:15.645,3334.0,3331.0,2786,3331.0,3330.0
2022-05-19 08:05:15.928,3334.0,3331.0,2786,3331.0,3330.5
2022-05-19 08:05:16.563,3334.0,3331.0,2788,3331.5,3330.0
2022-05-19 08:05:17.119,3334.0,3331.0,2788,3331.5,3331.0
2022-05-19 08:05:17.619,3334.0,3331.5,2791,3331.5,3331.0
2022-05-19 08:05:18.119,3334.0,3331.5,2793,3332.0,3330.0
2022-05-19 08:05:18.556,3334.0,3331.5,2794,3332.0,3330.0
2022-05-19 08:05:19.124,3334.0,3331.5,2794,3332.0,3330.5
2022-05-19 08:05:19.491,3334.0,3331.5,2796,3332.0,3331.5
2022-05-19 08:05:20.029,3334.0,3331.5,2799,3331.5,3330.0
2022-05-19 08:05:20.570,3334.0,3331.5,2800,3332.0,3330.0
2022-05-19 08:05:21.126,3334.0,3332.0,2804,3332.0,3330.0
2022-05-19 08:05:21.445,3334.0,3332.0,2804,3332.0,3330.0
2022-05-19 08:05:22.146,3334.0,3332.0,2810,3331.5,3330.0
2022-05-19 08:05:22.519,3334.0,3332.0,2811,3332.0,3330.0
2022-05-19 08:05:22.861,3334.0,3332.0,2813,3331.5,3330.0
2022-05-19 08:05:23.591,3334.0,3331.5,2815,3332.0,3331.5
2022-05-19 08:05:24.096,3334.0,3332.0,2816,3332.0,3331.5
2022-05-19 08:05:25.081,3334.0,3333.5,2820,3334.0,3333.5
2022-05-19 08:05:25.491,3334.0,3334.0,2823,3332.5,3332.0
2022-05-19 08:05:25.985,3334.0,3332.0,2824,3332.5,3331.5
2022-05-19 08:05:26.205,3334.0,3332.0,2824,3332.5,3331.5
2022-05-19 08:05:27.043,3334.0,3332.5,2827,3334.0,3332.0
2022-05-19 08:05:27.441,3334.0,3332.5,2827,3334.0,3332.5
2022-05-19 08:05:27.700,3334.0,3332.5,2827,3334.0,3332.5
2022-05-19 08:05:28.626,3334.0,3334.0,2831,3334.0,3333.0
2022-05-19 08:05:28.868,3334.0,3334.0,2832,3334.0,3333.0
2022-05-19 08:05:30.125,3334.0,3333.0,2833,3334.0,3332.5
2022-05-19 08:05:30.625,3334.0,3333.5,2835,3334.0,3332.5
2022-05-19 08:05:31.040,3334.0,3333.0,2837,3334.5,3333.0
2022-05-19 08:05:31.639,3334.0,3333.0,2837,3334.5,3333.0
2022-05-19 08:05:32.123,3334.0,3332.5,2838,3333.5,3332.5
2022-05-19 08:05:32.483,3334.0,3332.5,2838,3333.5,3332.5
2022-05-19 08:05:33.108,3334.0,3334.0,2841,3334.5,3332.5
2022-05-19 08:05:33.327,3334.0,3334.5,2842,3334.5,3333.0
2022-05-19 08:05:33.935,3334.0,3334.5,2842,3334.0,3332.5
2022-05-19 08:05:35.043,3334.0,3334.0,2843,3334.5,3334.0
2022-05-19 08:05:35.504,3334.0,3334.5,2844,3335.0,3334.5
2022-05-19 08:05:35.921,3334.0,3334.0,2854,3334.5,3334.0
2022-05-19 08:05:36.587,3334.0,3332.5,2859,3332.5,3332.0
2022-05-19 08:05:36.934,3334.0,3332.5,2863,3333.5,3332.0
2022-05-19 08:05:37.634,3334.0,3334.5,2870,3335.0,3334.5
2022-05-19 08:05:37.820,3334.0,3334.5,2872,3334.5,3333.0
2022-05-19 08:05:38.327,3334.0,3334.5,2872,3334.5,3333.0
2022-05-19 08:05:39.009,3334.0,3334.5,2873,3334.5,3333.0
2022-05-19 08:05:39.553,3334.0,3334.5,2873,3334.5,3333.0
2022-05-19 08:05:39.978,3334.0,3334.5,2873,3334.0,3333.0
2022-05-19 08:05:40.479,3334.0,3333.0,2875,3334.5,3332.0
2022-05-19 08:05:41.112,3334.0,3333.0,2875,3333.0,3332.0
2022-05-19 08:05:41.441,3334.0,3333.0,2875,3333.0,3332.5
2022-05-19 08:05:42.020,3334.0,3333.0,2875,3333.0,3332.5
2022-05-19 08:05:42.533,3334.0,3332.5,2876,3333.0,3332.0
2022-05-19 08:05:43.152,3334.0,3333.0,2879,3334.5,3333.0
2022-05-19 08:05:44.014,3334.0,3333.0,2879,3334.5,3333.0
2022-05-19 08:05:44.569,3334.0,3333.0,2879,3334.5,3333.0
2022-05-19 08:05:45.083,3334.0,3334.5,2882,3334.5,3333.5
2022-05-19 08:05:45.624,3334.0,3333.5,2885,3334.5,3333.5
2022-05-19 08:05:45.923,3334.0,3333.5,2885,3334.5,3334.0
2022-05-19 08:05:46.519,3334.0,3334.5,2888,3335.0,3334.0
2022-05-19 08:05:47.084,3334.0,3335.0,2889,3335.0,3334.0
2022-05-19 08:05:47.643,3334.0,3334.0,2891,3335.0,3333.0
2022-05-19 08:05:47.818,3334.0,3334.0,2891,3335.0,3333.5
2022-05-19 08:05:48.585,3334.0,3333.5,2892,3334.0,3333.0
2022-05-19 08:05:49.016,3334.0,3334.0,2894,3334.5,3333.0
2022-05-19 08:05:49.483,3334.0,3334.0,2894,3334.5,3333.0
2022-05-19 08:05:50.100,3334.0,3333.0,2895,3335.0,3333.0
2022-05-19 08:05:50.559,3334.0,3333.0,2895,3334.5,3333.5
2022-05-19 08:05:50.920,3334.0,3334.0,2896,3334.5,3333.5
2022-05-19 08:05:51.807,3334.0,3333.5,2897,3334.5,3333.0
2022-05-19 08:05:52.543,3334.0,3333.5,2897,3334.5,3334.0
2022-05-19 08:05:53.398,3334.0,3333.5,2898,3334.5,3334.0
2022-05-19 08:05:54.095,3334.0,3334.5,2899,3334.5,3334.0
2022-05-19 08:05:54.562,3334.0,3334.5,2902,3334.5,3334.0
2022-05-19 08:05:54.914,3334.0,3334.5,2903,3334.5,3334.0
2022-05-19 08:05:55.319,3334.0,3334.5,2905,3335.0,3334.0
2022-05-19 08:05:55.980,3334.0,3337.0,2920,3337.0,3336.0
2022-05-19 08:05:56.551,3334.0,3336.0,2926,3337.0,3336.0
2022-05-19 08:05:57.106,3334.0,3336.5,2929,3337.5,3336.0
2022-05-19 08:05:57.486,3334.0,3336.5,2931,3337.5,3337.0
2022-05-19 08:05:58.053,3334.0,3337.0,2935,3337.0,3336.0
2022-05-19 08:05:58.600,3334.0,3337.0,2938,3337.0,3334.5
2022-05-19 08:05:59.144,3334.0,3336.0,2941,3337.0,3335.0
2022-05-19 08:05:59.456,3334.0,3336.0,2945,3337.0,3335.5
2022-05-19 08:06:00.003,3334.0,3336.0,2945,3337.0,3335.5
2022-05-19 08:06:00.457,3334.0,3337.0,2947,3338.0,3336.0
2022-05-19 08:06:00.925,3334.0,3336.0,2949,3337.5,3336.0
2022-05-19 08:06:01.550,3334.0,3336.5,2951,3336.5,3336.0
2022-05-19 08:06:02.057,3334.0,3335.0,2956,3336.0,3335.0
2022-05-19 08:06:02.447,3334.0,3336.0,2957,3336.5,3335.0
2022-05-19 08:06:02.997,3334.0,3336.0,2957,3336.0,3335.0
2022-05-19 08:06:03.606,3334.0,3336.0,2957,3335.5,3335.0
2022-05-19 08:06:03.920,3334.0,3335.0,2958,3335.0,3334.5
2022-05-19 08:06:04.618,3334.0,3334.5,2971,3334.5,3334.0
2022-05-19 08:06:05.084,3334.0,3334.0,2982,3334.0,3333.5
2022-05-19 08:06:05.622,3334.0,3333.0,2996,3332.5,3332.0
2022-05-19 08:06:06.119,3334.0,3331.5,3004,3332.0,3331.5
2022-05-19 08:06:06.604,3334.0,3332.0,3018,3332.0,3331.5
2022-05-19 08:06:07.118,3334.0,3332.0,3021,3332.0,3330.5
2022-05-19 08:06:07.512,3334.0,3332.0,3022,3332.0,3330.5
2022-05-19 08:06:08.025,3334.0,3332.0,3022,3331.5,3330.5
2022-05-19 08:06:08.516,3334.0,3332.0,3023,3332.0,3330.5
2022-05-19 08:06:09.095,3334.0,3331.0,3027,3331.5,3331.0
2022-05-19 08:06:09.578,3334.0,3331.0,3030,3331.5,3330.0
2022-05-19 08:06:09.867,3334.0,3331.0,3030,3331.5,3330.0
2022-05-19 08:06:10.922,3334.0,3331.5,3031,3331.5,3330.0
2022-05-19 08:06:11.643,3334.0,3331.5,3033,3332.5,3330.5
2022-05-19 08:06:11.921,3334.0,3331.5,3033,3332.5,3332.0
2022-05-19 08:06:13.129,3334.0,3332.5,3037,3333.5,3332.5
2022-05-19 08:06:13.400,3334.0,3332.0,3039,3333.5,3331.5
2022-05-19 08:06:14.051,3334.0,3332.0,3039,3333.5,3331.5
2022-05-19 08:06:14.642,3334.0,3332.0,3039,3333.5,3331.5
2022-05-19 08:06:15.459,3334.0,3333.5,3040,3333.0,3331.5
2022-05-19 08:06:16.018,3334.0,3331.5,3043,3333.0,3330.5
2022-05-19 08:06:16.179,3334.0,3331.5,3043,3333.0,3331.0
2022-05-19 08:06:17.089,3334.0,3331.5,3043,3332.5,3330.5
2022-05-19 08:06:18.353,3334.0,3331.5,3043,3331.5,3330.5
2022-05-19 08:06:18.759,3334.0,3330.5,3044,3331.5,3330.5
2022-05-19 08:06:19.613,3334.0,3330.5,3047,3330.5,3330.0
2022-05-19 08:06:20.008,3334.0,3330.5,3049,3331.5,3330.5
2022-05-19 08:06:21.066,3334.0,3330.5,3051,3331.5,3330.0
2022-05-19 08:06:21.600,3334.0,3330.0,3060,3330.5,3330.0
2022-05-19 08:06:21.982,3334.0,3330.5,3070,3330.5,3328.5
2022-05-19 08:06:22.504,3334.0,3330.5,3071,3330.0,3329.0
2022-05-19 08:06:22.993,3334.0,3329.0,3073,3330.0,3328.5
2022-05-19 08:06:23.462,3334.0,3328.5,3075,3330.0,3328.5
2022-05-19 08:06:24.122,3334.0,3328.5,3076,3329.0,3328.0
2022-05-19 08:06:24.403,3334.0,3329.5,3078,3330.0,3328.0
2022-05-19 08:06:24.836,3334.0,3329.5,3078,3329.5,3328.0
2022-05-19 08:06:26.035,3334.0,3329.5,3078,3329.5,3328.0
2022-05-19 08:06:26.645,3334.0,3328.0,3087,3330.0,3327.5
2022-05-19 08:06:27.034,3334.0,3328.0,3088,3329.0,3327.5
2022-05-19 08:06:27.293,3334.0,3328.0,3088,3328.0,3327.5
2022-05-19 08:06:28.146,3334.0,3327.5,3090,3327.5,3327.0
2022-05-19 08:06:28.422,3334.0,3327.0,3093,3327.0,3326.5
2022-05-19 08:06:29.132,3334.0,3323.5,3125,3326.5,3323.5
2022-05-19 08:06:29.618,3334.0,3324.5,3129,3326.5,3324.0
2022-05-19 08:06:30.104,3334.0,3324.0,3131,3326.0,3324.0
2022-05-19 08:06:30.591,3334.0,3324.0,3131,3325.5,3324.5
2022-05-19 08:06:31.132,3334.0,3325.0,3133,3325.0,3324.5
2022-05-19 08:06:31.570,3334.0,3325.0,3134,3325.5,3325.0
2022-05-19 08:06:32.148,3334.0,3326.0,3136,3326.5,3326.0
2022-05-19 08:06:32.591,3334.0,3326.5,3138,3327.5,3326.5
2022-05-19 08:06:33.126,3334.0,3326.0,3140,3327.0,3326.0
2022-05-19 08:06:33.624,3334.0,3327.5,3142,3327.5,3326.0
2022-05-19 08:06:34.147,3334.0,3327.0,3149,3327.5,3327.0
2022-05-19 08:06:34.646,3334.0,3328.0,3159,3330.0,3328.0
2022-05-19 08:06:35.052,3334.0,3328.0,3160,3329.0,3328.0
2022-05-19 08:06:35.612,3334.0,3328.0,3162,3328.5,3327.0
2022-05-19 08:06:36.145,3334.0,3327.0,3163,3328.0,3327.0
2022-05-19 08:06:36.600,3334.0,3327.5,3164,3328.0,3327.5
2022-05-19 08:06:37.149,3334.0,3327.0,3168,3327.0,3326.5
2022-05-19 08:06:37.562,3334.0,3326.0,3171,3327.0,3326.0
2022-05-19 08:06:38.083,3334.0,3326.0,3173,3327.0,3325.5
2022-05-19 08:06:38.628,3334.0,3325.5,3176,3326.0,3325.5
2022-05-19 08:06:38.925,3334.0,3327.0,3183,3327.5,3327.0
2022-05-19 08:06:39.196,3334.0,3327.0,3183,3327.5,3327.0
2022-05-19 08:06:40.130,3334.0,3323.5,3216,3325.5,3323.0
2022-05-19 08:06:40.639,3334.0,3324.5,3219,3325.5,3324.5
2022-05-19 08:06:40.996,3334.0,3325.0,3220,3325.0,3323.5
2022-05-19 08:06:41.437,3334.0,3325.5,3225,3325.5,3325.0
2022-05-19 08:06:42.126,3334.0,3325.5,3227,3326.0,3325.5
2022-05-19 08:06:42.614,3334.0,3325.5,3228,3325.5,3324.0
2022-05-19 08:06:43.123,3334.0,3325.5,3231,3326.0,3325.5
2022-05-19 08:06:43.575,3334.0,3324.0,3235,3325.5,3323.5
2022-05-19 08:06:44.018,3334.0,3324.0,3235,3324.5,3323.5
2022-05-19 08:06:44.461,3334.0,3323.5,3242,3323.5,3323.0
2022-05-19 08:06:45.145,3334.0,3323.5,3244,3323.5,3323.0
2022-05-19 08:06:45.648,3334.0,3323.0,3246,3323.5,3323.0
2022-05-19 08:06:46.071,3334.0,3323.5,3253,3323.5,3322.5
2022-05-19 08:06:46.574,3334.0,3323.0,3257,3323.5,3323.0
2022-05-19 08:06:47.120,3334.0,3323.5,3261,3325.0,3324.0
2022-05-19 08:06:47.631,3334.0,3324.5,3263,3325.0,3323.5
2022-05-19 08:06:48.066,3334.0,3323.5,3264,3324.0,3323.5
2022-05-19 08:06:48.529,3334.0,3324.0,3272,3324.0,3323.5
2022-05-19 08:06:49.039,3334.0,3323.5,3275,3323.5,3323.0
2022-05-19 08:06:49.579,3334.0,3323.5,3278,3323.5,3323.0
2022-05-19 08:06:50.027,3334.0,3324.0,3280,3324.0,3323.0
2022-05-19 08:06:50.620,3334.0,3324.0,3281,3324.0,3323.0
2022-05-19 08:06:50.743,3334.0,3324.0,3285,3324.0,3323.0
2022-05-19 08:06:51.646,3334.0,3323.5,3288,3324.0,3323.0
2022-05-19 08:06:52.052,3334.0,3323.0,3294,3323.0,3322.5
2022-05-19 08:06:52.631,3334.0,3322.5,3303,3322.5,3322.0
2022-05-19 08:06:53.133,3334.0,3324.0,3309,3323.5,3322.5
2022-05-19 08:06:53.628,3334.0,3324.0,3309,3323.0,3322.5
2022-05-19 08:06:53.888,3334.0,3322.5,3311,3323.0,3322.0
2022-05-19 08:06:54.551,3334.0,3322.5,3311,3322.5,3322.0
2022-05-19 08:06:55.061,3334.0,3322.0,3314,3322.5,3322.0
2022-05-19 08:06:55.645,3334.0,3322.0,3321,3322.0,3321.5
2022-05-19 08:06:56.127,3334.0,3321.5,3325,3322.0,3321.5
2022-05-19 08:06:56.627,3334.0,3322.5,3338,3323.0,3322.0
2022-05-19 08:06:57.113,3334.0,3321.0,3341,3321.5,3321.0
2022-05-19 08:06:57.537,3334.0,3321.5,3342,3321.5,3321.0
2022-05-19 08:06:58.107,3334.0,3321.5,3344,3321.5,3321.0
2022-05-19 08:06:58.650,3334.0,3321.5,3346,3321.5,3320.5
2022-05-19 08:06:59.017,3334.0,3320.5,3348,3321.0,3320.5
2022-05-19 08:06:59.544,3334.0,3321.0,3352,3321.5,3320.5
2022-05-19 08:06:59.989,3334.0,3321.5,3354,3322.0,3320.5
2022-05-19 08:07:00.580,3334.0,3321.5,3354,3321.5,3320.5
2022-05-19 08:07:01.007,3334.0,3320.0,3357,3320.5,3320.0
2022-05-19 08:07:01.651,3334.0,3320.5,3366,3321.0,3320.0
2022-05-19 08:07:02.094,3334.0,3320.0,3372,3321.0,3320.0
2022-05-19 08:07:02.589,3334.0,3320.5,3385,3320.5,3320.0
2022-05-19 08:07:02.914,3334.0,3318.5,3390,3319.5,3318.5
2022-05-19 08:07:03.572,3334.0,3318.5,3396,3318.5,3318.0
2022-05-19 08:07:04.123,3334.0,3319.5,3399,3320.0,3318.0
2022-05-19 08:07:04.587,3334.0,3318.0,3402,3320.0,3318.5
2022-05-19 08:07:05.133,3334.0,3320.0,3404,3320.0,3319.0
2022-05-19 08:07:05.645,3334.0,3319.5,3406,3319.5,3319.0
2022-05-19 08:07:06.056,3334.0,3318.5,3410,3319.0,3318.0
2022-05-19 08:07:06.524,3334.0,3319.0,3414,3319.5,3318.0
2022-05-19 08:07:06.984,3334.0,3319.0,3414,3318.5,3318.0
2022-05-19 08:07:07.523,3334.0,3319.0,3419,3319.0,3318.5
2022-05-19 08:07:08.150,3334.0,3318.5,3421,3319.0,3318.0
2022-05-19 08:07:08.643,3334.0,3318.5,3426,3319.5,3318.0
2022-05-19 08:07:09.105,3334.0,3318.0,3432,3318.5,3318.0
2022-05-19 08:07:09.602,3334.0,3318.0,3437,3319.0,3318.0
2022-05-19 08:07:10.107,3334.0,3319.0,3439,3319.0,3317.5
2022-05-19 08:07:10.641,3334.0,3317.0,3448,3318.5,3317.0
2022-05-19 08:07:10.926,3334.0,3318.0,3457,3318.0,3317.5
2022-05-19 08:07:11.403,3334.0,3318.0,3457,3318.0,3317.5
2022-05-19 08:07:12.086,3334.0,3317.5,3459,3318.0,3316.0
2022-05-19 08:07:12.634,3334.0,3317.5,3460,3318.0,3316.5
2022-05-19 08:07:13.067,3334.0,3318.0,3464,3318.0,3317.5
2022-05-19 08:07:13.634,3334.0,3317.5,3468,3318.0,3317.5
2022-05-19 08:07:14.137,3334.0,3317.5,3473,3318.0,3317.0
2022-05-19 08:07:14.650,3334.0,3318.0,3486,3318.0,3317.0
2022-05-19 08:07:15.049,3334.0,3320.0,3497,3320.0,3319.5
2022-05-19 08:07:15.568,3334.0,3319.5,3503,3320.5,3319.5
2022-05-19 08:07:15.943,3334.0,3319.5,3504,3320.5,3320.0
2022-05-19 08:07:16.609,3334.0,3320.0,3505,3320.0,3318.5
2022-05-19 08:07:17.065,3334.0,3320.0,3505,3320.0,3318.5
2022-05-19 08:07:17.595,3334.0,3319.0,3508,3320.0,3319.0
2022-05-19 08:07:18.120,3334.0,3320.5,3515,3321.0,3320.5
2022-05-19 08:07:18.516,3334.0,3321.0,3517,3321.5,3321.0
2022-05-19 08:07:19.114,3334.0,3321.0,3519,3321.5,3320.0
2022-05-19 08:07:19.613,3334.0,3320.0,3521,3322.0,3318.5
2022-05-19 08:07:19.924,3334.0,3320.0,3522,3322.0,3320.5
2022-05-19 08:07:20.632,3334.0,3320.0,3524,3320.0,3319.0
2022-05-19 08:07:20.985,3334.0,3320.0,3526,3320.5,3319.0
2022-05-19 08:07:21.583,3334.0,3320.5,3528,3321.5,3318.5
2022-05-19 08:07:21.949,3334.0,3319.5,3529,3321.5,3319.5
2022-05-19 08:07:22.439,3334.0,3319.5,3529,3321.5,3320.5
2022-05-19 08:07:23.152,3334.0,3319.5,3531,3321.0,3319.0
2022-05-19 08:07:23.539,3334.0,3319.5,3531,3319.5,3319.0
2022-05-19 08:07:24.080,3334.0,3319.5,3532,3321.0,3319.5
2022-05-19 08:07:24.541,3334.0,3319.5,3534,3321.0,3319.5
2022-05-19 08:07:25.015,3334.0,3321.0,3540,3321.5,3321.0
2022-05-19 08:07:25.537,3334.0,3321.0,3545,3322.0,3321.0
2022-05-19 08:07:27.627,3334.0,3321.0,3549,3321.5,3320.0
2022-05-19 08:07:28.124,3334.0,3321.5,3551,3322.0,3321.5
2022-05-19 08:07:28.271,3334.0,3321.5,3554,3322.0,3320.0
2022-05-19 08:07:29.115,3334.0,3321.5,3556,3322.0,3320.0
2022-05-19 08:07:29.421,3334.0,3320.0,3558,3321.5,3319.5
2022-05-19 08:07:30.036,3334.0,3321.5,3560,3321.0,3319.0
2022-05-19 08:07:30.636,3334.0,3321.5,3561,3321.0,3319.5
2022-05-19 08:07:31.147,3334.0,3321.5,3561,3320.0,3319.5
2022-05-19 08:07:31.636,3334.0,3319.5,3563,3319.5,3319.0
2022-05-19 08:07:32.147,3334.0,3318.5,3568,3319.0,3318.0
2022-05-19 08:07:32.645,3334.0,3318.0,3572,3319.5,3318.0
2022-05-19 08:07:33.109,3334.0,3319.5,3573,3319.5,3318.0
2022-05-19 08:07:33.436,3334.0,3319.5,3573,3319.0,3318.0
2022-05-19 08:07:34.066,3334.0,3318.0,3575,3319.0,3318.0
2022-05-19 08:07:34.543,3334.0,3318.0,3575,3319.0,3318.0
2022-05-19 08:07:34.934,3334.0,3319.0,3576,3319.0,3318.0
2022-05-19 08:07:35.623,3334.0,3319.0,3577,3319.0,3318.0
2022-05-19 08:07:36.045,3334.0,3318.0,3580,3319.0,3318.0
2022-05-19 08:07:36.619,3334.0,3319.0,3583,3319.5,3318.5
2022-05-19 08:07:37.035,3334.0,3318.5,3584,3319.5,3318.0
2022-05-19 08:07:37.513,3334.0,3318.0,3585,3319.5,3318.0
2022-05-19 08:07:38.591,3334.0,3319.5,3587,3320.0,3319.5
2022-05-19 08:07:38.930,3334.0,3319.0,3589,3319.5,3318.0
2022-05-19 08:07:39.515,3334.0,3318.0,3592,3320.0,3319.5
2022-05-19 08:07:40.121,3334.0,3318.0,3599,3320.0,3317.5
2022-05-19 08:07:40.550,3334.0,3320.0,3607,3320.0,3318.0
2022-05-19 08:07:41.131,3334.0,3319.5,3611,3320.0,3318.0
2022-05-19 08:07:41.583,3334.0,3319.5,3611,3319.5,3318.5
2022-05-19 08:07:41.872,3334.0,3319.5,3612,3320.0,3319.0
2022-05-19 08:07:42.849,3334.0,3320.0,3613,3320.0,3319.0
2022-05-19 08:07:43.425,3334.0,3320.0,3617,3320.0,3319.0
2022-05-19 08:07:44.114,3334.0,3319.5,3627,3321.0,3319.5
2022-05-19 08:07:44.458,3334.0,3319.5,3627,3321.0,3319.5
2022-05-19 08:07:45.534,3334.0,3319.5,3628,3321.0,3320.0
2022-05-19 08:07:45.934,3334.0,3321.0,3631,3321.5,3320.0
2022-05-19 08:07:46.560,3334.0,3320.5,3634,3321.0,3319.5
2022-05-19 08:07:46.841,3334.0,3321.0,3635,3321.5,3319.5
2022-05-19 08:07:47.397,3334.0,3321.0,3636,3321.5,3319.5
2022-05-19 08:07:48.018,3334.0,3321.5,3638,3321.0,3320.0
2022-05-19 08:07:48.430,3334.0,3321.5,3638,3321.0,3320.0
2022-05-19 08:07:49.073,3334.0,3321.0,3639,3321.5,3321.0
2022-05-19 08:07:49.440,3334.0,3321.0,3640,3320.5,3319.5
2022-05-19 08:07:49.963,3334.0,3320.5,3641,3321.5,3319.5
2022-05-19 08:07:50.629,3334.0,3321.0,3642,3321.0,3319.5
2022-05-19 08:07:51.059,3334.0,3319.5,3643,3321.0,3319.0
2022-05-19 08:07:52.077,3334.0,3321.0,3646,3321.0,3319.5
2022-05-19 08:07:52.489,3334.0,3320.5,3647,3321.0,3319.5
2022-05-19 08:07:52.930,3334.0,3320.5,3647,3321.0,3320.0
2022-05-19 08:07:53.424,3334.0,3320.5,3647,3321.0,3319.5
2022-05-19 08:07:54.144,3334.0,3319.5,3649,3319.5,3319.0
2022-05-19 08:07:54.538,3334.0,3319.5,3650,3320.0,3319.0
2022-05-19 08:07:55.588,3334.0,3319.0,3651,3319.5,3319.0
2022-05-19 08:07:55.667,3334.0,3319.5,3652,3320.0,3319.0
2022-05-19 08:07:56.926,3334.0,3319.0,3653,3320.0,3318.5
2022-05-19 08:07:57.996,3334.0,3319.0,3653,3320.0,3319.5
2022-05-19 08:07:58.612,3334.0,3321.0,3672,3321.0,3318.0
2022-05-19 08:07:58.913,3334.0,3320.0,3673,3321.5,3319.5
2022-05-19 08:07:59.577,3334.0,3319.5,3674,3321.5,3319.0
2022-05-19 08:08:00.087,3334.0,3319.5,3676,3321.5,3319.5
2022-05-19 08:08:00.591,3334.0,3321.5,3677,3321.5,3319.5
2022-05-19 08:08:00.929,3334.0,3319.5,3678,3320.0,3319.5
2022-05-19 08:08:01.618,3334.0,3319.5,3678,3320.0,3319.5
2022-05-19 08:08:02.118,3334.0,3319.5,3680,3319.5,3319.0
2022-05-19 08:08:02.602,3334.0,3317.5,3685,3318.0,3317.5
2022-05-19 08:08:02.963,3334.0,3317.5,3685,3318.0,3317.5
2022-05-19 08:08:03.539,3334.0,3318.0,3691,3319.0,3317.5
2022-05-19 08:08:03.956,3334.0,3318.0,3691,3319.5,3319.0
2022-05-19 08:08:04.519,3334.0,3319.0,3692,3318.5,3317.5
2022-05-19 08:08:04.811,3334.0,3319.0,3692,3319.0,3318.0
2022-05-19 08:08:05.602,3334.0,3319.5,3696,3320.0,3319.5
2022-05-19 08:08:06.038,3334.0,3319.5,3697,3320.0,3319.5
2022-05-19 08:08:06.532,3334.0,3320.0,3698,3320.5,3320.0
2022-05-19 08:08:07.101,3334.0,3320.0,3700,3321.0,3320.0
2022-05-19 08:08:07.573,3334.0,3321.5,3707,3321.5,3319.5
2022-05-19 08:08:07.934,3334.0,3319.5,3708,3320.0,3319.5
2022-05-19 08:08:09.134,3334.0,3319.5,3710,3319.5,3319.0
2022-05-19 08:08:09.623,3334.0,3319.5,3716,3320.0,3319.5
2022-05-19 08:08:09.971,3334.0,3321.5,3721,3321.5,3320.0
2022-05-19 08:08:10.573,3334.0,3321.5,3721,3321.0,3320.0
2022-05-19 08:08:11.649,3334.0,3321.5,3721,3321.0,3320.0
2022-05-19 08:08:12.107,3334.0,3321.0,3724,3321.5,3319.5
2022-05-19 08:08:12.429,3334.0,3321.5,3726,3321.0,3319.5
2022-05-19 08:08:12.921,3334.0,3321.5,3726,3321.5,3320.5
2022-05-19 08:08:13.432,3334.0,3321.5,3728,3322.0,3321.0
2022-05-19 08:08:14.427,3334.0,3321.0,3729,3321.0,3319.5
2022-05-19 08:08:14.925,3334.0,3321.0,3729,3321.5,3321.0
2022-05-19 08:08:15.573,3334.0,3321.5,3731,3322.0,3321.0
2022-05-19 08:08:15.770,3334.0,3321.5,3731,3322.0,3321.0
2022-05-19 08:08:16.372,3334.0,3321.5,3731,3321.5,3321.0
2022-05-19 08:08:17.091,3334.0,3322.0,3733,3322.0,3321.5
2022-05-19 08:08:17.626,3334.0,3323.0,3747,3324.0,3323.0
2022-05-19 08:08:17.922,3334.0,3324.0,3751,3324.5,3324.0
2022-05-19 08:08:18.561,3334.0,3323.5,3756,3324.0,3323.5
2022-05-19 08:08:19.008,3334.0,3324.0,3757,3323.5,3322.5
2022-05-19 08:08:19.478,3334.0,3323.0,3758,3323.5,3322.5
2022-05-19 08:08:20.120,3334.0,3323.0,3760,3324.5,3323.0
2022-05-19 08:08:20.375,3334.0,3323.0,3760,3323.5,3323.0
2022-05-19 08:08:21.081,3334.0,3323.5,3761,3324.0,3323.5
2022-05-19 08:08:21.447,3334.0,3323.5,3762,3323.5,3323.0
2022-05-19 08:08:22.124,3334.0,3324.0,3764,3324.5,3323.0
2022-05-19 08:08:22.624,3334.0,3324.0,3764,3324.0,3323.0
2022-05-19 08:08:23.087,3334.0,3324.0,3764,3324.0,3323.5
2022-05-19 08:08:23.597,3334.0,3324.0,3767,3324.5,3323.0
2022-05-19 08:08:24.154,3334.0,3323.5,3768,3324.5,3324.0
2022-05-19 08:08:24.646,3334.0,3324.5,3770,3324.5,3324.0
2022-05-19 08:08:24.733,3334.0,3324.5,3770,3324.5,3324.0
2022-05-19 08:08:25.581,3334.0,3324.5,3774,3325.0,3324.5
2022-05-19 08:08:26.128,3334.0,3325.5,3785,3326.0,3325.5
2022-05-19 08:08:26.522,3334.0,3328.0,3790,3328.5,3328.0
2022-05-19 08:08:27.134,3334.0,3327.5,3801,3327.0,3326.5
2022-05-19 08:08:27.423,3334.0,3327.0,3802,3328.0,3327.5
2022-05-19 08:08:28.122,3334.0,3328.0,3807,3329.0,3326.5
2022-05-19 08:08:28.492,3334.0,3327.5,3810,3329.0,3326.5
2022-05-19 08:08:29.140,3334.0,3326.5,3811,3329.0,3328.0
2022-05-19 08:08:29.589,3334.0,3326.5,3813,3328.0,3326.0
2022-05-19 08:08:30.025,3334.0,3326.5,3817,3328.0,3326.5
2022-05-19 08:08:30.425,3334.0,3328.0,3819,3329.0,3326.5
2022-05-19 08:08:30.922,3334.0,3326.5,3822,3327.0,3326.5
2022-05-19 08:08:31.653,3334.0,3328.0,3826,3327.5,3326.0
2022-05-19 08:08:32.150,3334.0,3325.5,3839,3325.5,3323.0
2022-05-19 08:08:32.641,3334.0,3323.0,3842,3324.5,3322.5
2022-05-19 08:08:33.135,3334.0,3322.5,3843,3323.0,3322.5
2022-05-19 08:08:33.629,3334.0,3322.5,3855,3323.0,3321.5
2022-05-19 08:08:34.108,3334.0,3323.5,3860,3324.5,3323.0
2022-05-19 08:08:34.639,3334.0,3323.5,3860,3326.5,3323.5
2022-05-19 08:08:34.930,3334.0,3323.5,3860,3327.0,3324.5
2022-05-19 08:08:35.645,3334.0,3323.5,3860,3326.0,3325.0
2022-05-19 08:08:35.923,3334.0,3324.5,3861,3326.0,3324.5
2022-05-19 08:08:36.544,3334.0,3324.5,3862,3326.0,3324.5
2022-05-19 08:08:37.100,3334.0,3324.5,3863,3326.0,3324.5
2022-05-19 08:08:37.614,3334.0,3324.5,3863,3326.5,3325.5
2022-05-19 08:08:37.984,3334.0,3324.5,3865,3325.0,3324.5
2022-05-19 08:08:38.469,3334.0,3325.0,3868,3327.0,3325.0
2022-05-19 08:08:39.089,3334.0,3325.0,3869,3327.5,3325.0
2022-05-19 08:08:39.569,3334.0,3325.0,3869,3326.0,3325.0
2022-05-19 08:08:40.608,3334.0,3325.0,3869,3326.0,3325.0
2022-05-19 08:08:41.069,3334.0,3326.0,3871,3326.5,3325.0
2022-05-19 08:08:41.554,3334.0,3326.0,3871,3327.0,3326.5
2022-05-19 08:08:42.098,3334.0,3326.5,3873,3326.0,3325.0
2022-05-19 08:08:42.927,3334.0,3326.0,3874,3326.0,3325.0
2022-05-19 08:08:43.640,3334.0,3325.0,3879,3325.5,3324.5
2022-05-19 08:08:44.002,3334.0,3324.5,3883,3325.0,3323.5
2022-05-19 08:08:44.903,3334.0,3323.5,3884,3325.0,3323.0
2022-05-19 08:08:45.425,3334.0,3323.5,3884,3325.5,3324.0
2022-05-19 08:08:46.630,3334.0,3323.5,3884,3325.5,3325.0
2022-05-19 08:08:46.671,3334.0,3325.0,3885,3325.5,3324.0
2022-05-19 08:08:47.602,3334.0,3324.0,3886,3325.5,3323.0
2022-05-19 08:08:48.052,3334.0,3324.0,3886,3324.5,3323.5
2022-05-19 08:08:49.645,3334.0,3323.5,3887,3324.5,3323.5
2022-05-19 08:08:50.053,3334.0,3324.5,3888,3325.5,3323.5
2022-05-19 08:08:51.153,3334.0,3324.5,3888,3325.5,3324.5
2022-05-19 08:08:51.570,3334.0,3324.5,3889,3325.0,3323.5
2022-05-19 08:08:52.021,3334.0,3324.5,3889,3325.0,3324.0
2022-05-19 08:08:53.092,3334.0,3323.5,3892,3325.5,3323.0
2022-05-19 08:08:53.166,3334.0,3323.5,3892,3325.5,3323.5
2022-05-19 08:08:54.043,3334.0,3323.5,3893,3325.5,3323.0
2022-05-19 08:08:54.259,3334.0,3323.5,3893,3325.0,3323.0
2022-05-19 08:08:54.913,3334.0,3323.5,3893,3324.5,3323.0
2022-05-19 08:08:55.450,3334.0,3323.5,3893,3324.5,3323.5
2022-05-19 08:08:56.914,3334.0,3323.5,3894,3324.5,3323.0
2022-05-19 08:08:57.424,3334.0,3324.5,3895,3325.0,3323.0
2022-05-19 08:08:58.098,3334.0,3324.5,3895,3325.0,3323.5
2022-05-19 08:08:59.371,3334.0,3323.5,3896,3323.5,3323.0
2022-05-19 08:09:00.111,3334.0,3323.5,3899,3323.5,3323.0
2022-05-19 08:09:00.499,3334.0,3323.0,3902,3323.0,3321.0
2022-05-19 08:09:01.065,3334.0,3323.0,3903,3323.0,3321.5
2022-05-19 08:09:01.583,3334.0,3323.0,3904,3323.5,3321.5
2022-05-19 08:09:02.006,3334.0,3323.0,3906,3323.5,3322.0
2022-05-19 08:09:02.594,3334.0,3323.5,3912,3325.0,3323.0
2022-05-19 08:09:02.923,3334.0,3323.0,3915,3324.5,3323.0
2022-05-19 08:09:03.469,3334.0,3323.0,3915,3324.0,3323.5
2022-05-19 08:09:03.938,3334.0,3324.0,3916,3325.0,3323.5
2022-05-19 08:09:04.430,3334.0,3324.0,3916,3324.5,3323.5
2022-05-19 08:09:04.927,3334.0,3323.5,3917,3325.0,3323.0
2022-05-19 08:09:06.067,3334.0,3323.5,3917,3323.5,3323.0
2022-05-19 08:09:06.654,3334.0,3325.0,3919,3325.0,3323.0
2022-05-19 08:09:07.038,3334.0,3325.0,3919,3325.0,3324.5
2022-05-19 08:09:07.533,3334.0,3324.5,3920,3325.0,3324.5
2022-05-19 08:09:08.153,3334.0,3324.5,3922,3324.5,3323.0
2022-05-19 08:09:08.230,3334.0,3324.5,3922,3324.5,3323.5
2022-05-19 08:09:08.795,3334.0,3323.5,3923,3324.5,3323.0
2022-05-19 08:09:09.628,3334.0,3323.5,3923,3324.5,3323.0
2022-05-19 08:09:10.125,3334.0,3324.5,3928,3325.0,3323.0
2022-05-19 08:09:10.992,3334.0,3323.0,3929,3325.0,3323.0
2022-05-19 08:09:11.465,3334.0,3323.0,3929,3325.0,3324.0
2022-05-19 08:09:11.929,3334.0,3325.0,3931,3325.0,3323.5
2022-05-19 08:09:12.418,3334.0,3325.0,3931,3325.0,3323.5
2022-05-19 08:09:13.047,3334.0,3325.0,3932,3325.0,3324.5
2022-05-19 08:09:13.431,3334.0,3325.0,3938,3325.0,3324.5
2022-05-19 08:09:14.151,3334.0,3325.5,3947,3326.0,3325.5
2022-05-19 08:09:14.598,3334.0,3325.0,3949,3326.0,3325.0
2022-05-19 08:09:14.901,3334.0,3326.0,3950,3326.0,3325.0
2022-05-19 08:09:15.619,3334.0,3326.0,3951,3326.0,3325.0
2022-05-19 08:09:15.931,3334.0,3325.0,3952,3326.0,3325.0
2022-05-19 08:09:17.029,3334.0,3325.0,3952,3326.0,3325.0
2022-05-19 08:09:18.107,3334.0,3326.0,3956,3326.0,3325.0
2022-05-19 08:09:18.619,3334.0,3325.0,3960,3326.5,3325.0
2022-05-19 08:09:18.801,3334.0,3325.0,3961,3326.5,3325.0
2022-05-19 08:09:19.560,3334.0,3325.0,3962,3326.5,3325.0
2022-05-19 08:09:20.419,3334.0,3326.5,3963,3326.0,3325.5
2022-05-19 08:09:21.023,3334.0,3326.0,3970,3327.5,3326.0
2022-05-19 08:09:21.474,3334.0,3327.0,3974,3327.5,3326.5
2022-05-19 08:09:22.131,3334.0,3328.0,3977,3329.0,3328.5
2022-05-19 08:09:22.581,3334.0,3329.0,3988,3329.0,3328.5
2022-05-19 08:09:22.933,3334.0,3329.0,3992,3330.0,3329.5
2022-05-19 08:09:23.623,3334.0,3329.5,3994,3330.0,3329.0
2022-05-19 08:09:24.126,3334.0,3329.0,3995,3329.5,3329.0
2022-05-19 08:09:24.597,3334.0,3329.5,4005,3330.0,3328.5
2022-05-19 08:09:25.081,3334.0,3329.5,4007,3329.5,3328.0
2022-05-19 08:09:25.645,3334.0,3329.5,4007,3329.0,3328.0
2022-05-19 08:09:26.084,3334.0,3328.0,4009,3328.0,3327.5
2022-05-19 08:09:26.547,3334.0,3329.0,4024,3328.0,3326.5
2022-05-19 08:09:27.058,3334.0,3326.5,4028,3326.5,3326.0
2022-05-19 08:09:27.452,3334.0,3326.5,4028,3327.5,3325.5
2022-05-19 08:09:28.125,3334.0,3327.5,4041,3329.5,3327.5
2022-05-19 08:09:28.632,3334.0,3327.5,4044,3327.5,3326.5
2022-05-19 08:09:28.982,3334.0,3327.5,4045,3329.0,3327.0
2022-05-19 08:09:29.423,3334.0,3327.5,4045,3328.5,3326.0
2022-05-19 08:09:30.928,3334.0,3326.0,4046,3327.5,3326.0
2022-05-19 08:09:31.579,3334.0,3328.5,4048,3328.5,3326.5
2022-05-19 08:09:32.513,3334.0,3328.5,4048,3328.5,3328.0
2022-05-19 08:09:33.062,3334.0,3328.0,4051,3329.0,3326.5
2022-05-19 08:09:33.638,3334.0,3327.0,4065,3330.0,3327.0
2022-05-19 08:09:33.922,3334.0,3330.0,4066,3330.0,3329.0
2022-05-19 08:09:34.567,3334.0,3330.0,4072,3331.5,3330.0
2022-05-19 08:09:35.128,3334.0,3330.0,4075,3331.0,3330.0
2022-05-19 08:09:35.424,3334.0,3330.0,4079,3331.0,3329.0
2022-05-19 08:09:36.058,3334.0,3331.5,4083,3331.5,3329.0
2022-05-19 08:09:36.461,3334.0,3331.5,4083,3331.0,3330.0
2022-05-19 08:09:37.068,3334.0,3329.5,4085,3331.0,3329.0
2022-05-19 08:09:37.578,3334.0,3331.0,4089,3330.0,3329.0
2022-05-19 08:09:37.907,3334.0,3331.0,4089,3330.0,3329.5
2022-05-19 08:09:38.476,3334.0,3329.5,4091,3331.5,3329.0
2022-05-19 08:09:39.140,3334.0,3329.0,4092,3331.5,3329.0
2022-05-19 08:09:39.510,3334.0,3329.0,4093,3330.5,3329.0
2022-05-19 08:09:39.999,3334.0,3329.0,4094,3329.5,3329.0
2022-05-19 08:09:40.508,3334.0,3329.0,4096,3329.5,3329.0
2022-05-19 08:09:40.975,3334.0,3329.0,4096,3329.5,3329.0
2022-05-19 08:09:41.488,3334.0,3330.5,4103,3331.0,3329.5
2022-05-19 08:09:42.012,3334.0,3329.5,4105,3331.0,3329.5
2022-05-19 08:09:42.178,3334.0,3329.5,4105,3331.0,3329.5
2022-05-19 08:09:43.091,3334.0,3329.5,4105,3331.0,3329.5
2022-05-19 08:09:43.957,3334.0,3329.5,4110,3331.0,3329.0
2022-05-19 08:09:44.533,3334.0,3331.0,4112,3331.5,3329.0
2022-05-19 08:09:44.945,3334.0,3329.0,4113,3331.0,3329.5
2022-05-19 08:09:45.595,3334.0,3331.0,4114,3331.0,3329.5
2022-05-19 08:09:46.042,3334.0,3331.0,4115,3330.5,3329.0
2022-05-19 08:09:46.446,3334.0,3331.0,4116,3330.5,3329.0
2022-05-19 08:09:47.133,3334.0,3329.0,4117,3330.5,3329.0
2022-05-19 08:09:47.462,3334.0,3329.0,4118,3330.5,3329.0
2022-05-19 08:09:47.929,3334.0,3329.0,4120,3329.0,3328.0
2022-05-19 08:09:48.429,3334.0,3328.0,4121,3328.5,3327.0
2022-05-19 08:09:49.526,3334.0,3329.0,4129,3329.0,3326.0
2022-05-19 08:09:50.081,3334.0,3329.0,4131,3329.0,3328.5
2022-05-19 08:09:50.598,3334.0,3329.0,4140,3329.0,3328.0
2022-05-19 08:09:51.062,3334.0,3329.0,4141,3330.5,3329.5
2022-05-19 08:09:51.589,3334.0,3329.0,4143,3329.5,3329.0
2022-05-19 08:09:51.928,3334.0,3329.5,4145,3330.0,3328.5
2022-05-19 08:09:52.436,3334.0,3329.5,4146,3329.5,3328.5
2022-05-19 08:09:53.461,3334.0,3329.5,4146,3329.5,3328.5
2022-05-19 08:09:54.153,3334.0,3328.5,4148,3328.5,3327.0
2022-05-19 08:09:54.475,3334.0,3328.5,4148,3328.5,3327.0
2022-05-19 08:09:55.919,3334.0,3328.5,4151,3329.0,3328.5
2022-05-19 08:09:56.545,3334.0,3327.0,4155,3328.5,3326.0
2022-05-19 08:09:57.048,3334.0,3328.5,4156,3329.0,3327.0
2022-05-19 08:09:57.553,3334.0,3329.0,4157,3329.0,3327.0
2022-05-19 08:09:59.059,3334.0,3329.0,4159,3329.5,3326.0
2022-05-19 08:09:59.643,3334.0,3327.0,4160,3329.5,3327.5
2022-05-19 08:09:59.999,3334.0,3327.0,4162,3329.5,3327.0
2022-05-19 08:10:00.576,3334.0,3327.0,4162,3329.0,3327.5
2022-05-19 08:10:01.096,3334.0,3327.0,4163,3328.5,3326.5
2022-05-19 08:10:01.604,3334.0,3326.5,4164,3328.0,3326.0
2022-05-19 08:10:01.952,3334.0,3326.5,4164,3328.0,3326.0
2022-05-19 08:10:02.620,3334.0,3328.0,4165,3327.0,3326.5
2022-05-19 08:10:03.013,3334.0,3327.0,4166,3327.5,3327.0
2022-05-19 08:10:03.428,3334.0,3326.0,4169,3328.5,3326.5
2022-05-19 08:10:04.092,3334.0,3328.5,4170,3328.5,3328.0
2022-05-19 08:10:04.423,3334.0,3328.5,4172,3329.0,3328.5
2022-05-19 08:10:04.921,3334.0,3329.0,4175,3329.5,3328.5
2022-05-19 08:10:05.473,3334.0,3328.5,4180,3329.5,3328.0
2022-05-19 08:10:06.151,3334.0,3328.5,4180,3329.5,3328.0
2022-05-19 08:10:06.498,3334.0,3328.0,4182,3329.0,3328.0
2022-05-19 08:10:06.987,3334.0,3328.0,4182,3329.0,3328.0
2022-05-19 08:10:07.424,3334.0,3328.0,4183,3328.5,3328.0
2022-05-19 08:10:07.927,3334.0,3328.0,4184,3328.5,3328.0
2022-05-19 08:10:08.425,3334.0,3328.0,4185,3328.5,3326.0
2022-05-19 08:10:08.670,3334.0,3328.0,4185,3328.5,3326.5
2022-05-19 08:10:09.500,3334.0,3326.5,4186,3328.5,3326.0
2022-05-19 08:10:09.917,3334.0,3326.5,4186,3328.5,3327.0
2022-05-19 08:10:10.418,3334.0,3328.5,4187,3329.0,3326.5
2022-05-19 08:10:11.096,3334.0,3328.5,4187,3328.5,3328.0
2022-05-19 08:10:11.593,3334.0,3328.5,4187,3328.5,3327.5
2022-05-19 08:10:12.135,3334.0,3326.5,4197,3328.5,3326.5
2022-05-19 08:10:12.494,3334.0,3328.5,4199,3328.5,3327.0
2022-05-19 08:10:13.146,3334.0,3328.5,4200,3328.0,3326.5
2022-05-19 08:10:13.495,3334.0,3328.5,4201,3328.5,3326.5
2022-05-19 08:10:14.093,3334.0,3328.5,4201,3328.5,3327.0
2022-05-19 08:10:15.118,3334.0,3327.0,4202,3328.0,3326.5
2022-05-19 08:10:15.631,3334.0,3327.0,4202,3328.0,3327.0
2022-05-19 08:10:16.101,3334.0,3327.0,4204,3328.0,3326.0
2022-05-19 08:10:16.571,3334.0,3326.0,4205,3328.0,3326.5
2022-05-19 08:10:16.978,3334.0,3326.0,4205,3327.5,3326.0
2022-05-19 08:10:17.619,3334.0,3326.0,4205,3327.0,3326.0
2022-05-19 08:10:17.862,3334.0,3326.0,4205,3327.0,3326.5
2022-05-19 08:10:18.587,3334.0,3326.0,4205,3327.0,3326.5
2022-05-19 08:10:19.010,3334.0,3327.0,4208,3327.5,3327.0
2022-05-19 08:10:19.574,3334.0,3326.0,4214,3327.5,3326.0
2022-05-19 08:10:20.134,3334.0,3326.0,4214,3327.5,3327.0
2022-05-19 08:10:20.944,3334.0,3326.0,4215,3327.5,3327.0
2022-05-19 08:10:21.641,3334.0,3327.0,4222,3327.5,3327.0
2022-05-19 08:10:21.921,3334.0,3327.0,4224,3327.0,3326.0
2022-05-19 08:10:22.170,3334.0,3327.0,4224,3327.0,3326.0
2022-05-19 08:10:23.142,3334.0,3327.0,4224,3327.0,3326.0
2022-05-19 08:10:23.427,3334.0,3326.0,4227,3326.5,3326.0
2022-05-19 08:10:23.921,3334.0,3325.0,4231,3326.0,3324.0
2022-05-19 08:10:24.480,3334.0,3325.5,4233,3326.0,3323.0
2022-05-19 08:10:25.073,3334.0,3325.5,4233,3326.0,3324.5
2022-05-19 08:10:25.423,3334.0,3326.0,4234,3326.0,3324.5
2022-05-19 08:10:25.998,3334.0,3326.0,4234,3326.0,3325.5
2022-05-19 08:10:26.639,3334.0,3326.0,4236,3326.0,3324.5
2022-05-19 08:10:26.679,3334.0,3326.0,4237,3326.0,3324.5
2022-05-19 08:10:27.426,3334.0,3326.0,4237,3325.5,3324.5
2022-05-19 08:10:28.096,3334.0,3326.0,4237,3326.0,3325.5
2022-05-19 08:10:28.529,3334.0,3325.5,4243,3326.0,3325.5
2022-05-19 08:10:29.068,3334.0,3325.5,4244,3326.0,3325.0
2022-05-19 08:10:29.417,3334.0,3325.5,4244,3326.0,3325.0
2022-05-19 08:10:31.094,3334.0,3325.5,4244,3325.5,3325.0
2022-05-19 08:10:31.451,3334.0,3325.0,4245,3325.5,3325.0
2022-05-19 08:10:31.882,3334.0,3325.5,4246,3326.0,3325.0
2022-05-19 08:10:33.573,3334.0,3325.5,4246,3325.5,3325.0
2022-05-19 08:10:34.041,3334.0,3325.0,4247,3325.5,3325.0
2022-05-19 08:10:34.422,3334.0,3325.0,4247,3325.5,3325.0
2022-05-19 08:10:34.779,3334.0,3325.0,4247,3325.5,3324.5
2022-05-19 08:10:35.622,3334.0,3325.0,4247,3325.5,3324.5
2022-05-19 08:10:36.428,3334.0,3325.5,4248,3325.5,3324.5
2022-05-19 08:10:36.920,3334.0,3325.5,4248,3325.5,3325.0
2022-05-19 08:10:38.432,3334.0,3326.0,4251,3326.5,3325.5
2022-05-19 08:10:38.941,3334.0,3326.5,4253,3327.0,3325.5
2022-05-19 08:10:39.174,3334.0,3326.5,4253,3327.0,3325.5
2022-05-19 08:10:40.147,3334.0,3325.5,4255,3327.0,3325.0
2022-05-19 08:10:40.627,3334.0,3325.5,4263,3327.5,3325.5
2022-05-19 08:10:40.927,3334.0,3327.5,4264,3327.5,3326.5
2022-05-19 08:10:41.426,3334.0,3327.5,4265,3328.5,3327.0
2022-05-19 08:10:42.090,3334.0,3327.5,4265,3327.5,3326.5
2022-05-19 08:10:42.819,3334.0,3327.5,4265,3327.5,3327.0
2022-05-19 08:10:43.614,3334.0,3327.5,4266,3327.5,3326.5
2022-05-19 08:10:43.828,3334.0,3327.0,4267,3327.5,3326.5
2022-05-19 08:10:44.604,3334.0,3327.5,4268,3328.5,3326.5
2022-05-19 08:10:44.772,3334.0,3327.5,4268,3328.5,3327.5
2022-05-19 08:10:45.448,3334.0,3327.5,4268,3328.5,3327.5
2022-05-19 08:10:45.868,3334.0,3327.5,4268,3328.5,3327.5
2022-05-19 08:10:46.854,3334.0,3327.5,4270,3328.5,3327.5
2022-05-19 08:10:48.580,3334.0,3328.0,4271,3328.5,3327.5
2022-05-19 08:10:49.043,3334.0,3328.5,4272,3328.5,3327.5
2022-05-19 08:10:49.363,3334.0,3328.5,4274,3328.5,3327.5
2022-05-19 08:10:50.982,3334.0,3328.5,4275,3329.0,3328.0
2022-05-19 08:10:51.635,3334.0,3328.5,4275,3329.0,3328.5
2022-05-19 08:10:51.881,3334.0,3329.0,4276,3329.5,3328.5
2022-05-19 08:10:52.451,3334.0,3328.5,4278,3329.5,3326.0
2022-05-19 08:10:53.001,3334.0,3328.5,4278,3328.5,3326.5
2022-05-19 08:10:53.594,3334.0,3328.5,4279,3328.5,3326.0
2022-05-19 08:10:53.660,3334.0,3328.5,4279,3328.0,3326.0
2022-05-19 08:10:54.926,3334.0,3328.0,4280,3328.5,3328.0
2022-05-19 08:10:55.552,3334.0,3328.0,4293,3328.0,3326.0
2022-05-19 08:10:55.961,3334.0,3328.0,4293,3328.5,3326.0
2022-05-19 08:10:56.521,3334.0,3328.0,4293,3328.5,3326.0
2022-05-19 08:10:57.092,3334.0,3328.0,4294,3328.5,3326.0
2022-05-19 08:10:58.133,3334.0,3328.0,4294,3328.0,3326.0
2022-05-19 08:10:58.596,3334.0,3328.0,4295,3328.5,3327.0
2022-05-19 08:10:58.994,3334.0,3328.0,4295,3328.5,3326.5
2022-05-19 08:11:00.024,3334.0,3328.5,4296,3328.5,3326.5
2022-05-19 08:11:00.651,3334.0,3328.5,4299,3329.0,3326.5
2022-05-19 08:11:00.668,3334.0,3328.5,4299,3329.0,3327.0
2022-05-19 08:11:03.154,3334.0,3328.5,4299,3329.0,3327.0
2022-05-19 08:11:03.532,3334.0,3328.5,4299,3328.5,3327.0
2022-05-19 08:11:04.105,3334.0,3327.0,4300,3328.5,3326.5
2022-05-19 08:11:04.453,3334.0,3326.5,4301,3329.0,3327.0
2022-05-19 08:11:04.839,3334.0,3326.5,4301,3329.0,3327.5
2022-05-19 08:11:05.548,3334.0,3329.0,4304,3329.0,3327.0
2022-05-19 08:11:06.052,3334.0,3327.0,4305,3329.0,3327.0
2022-05-19 08:11:06.373,3334.0,3327.0,4305,3328.5,3327.0
2022-05-19 08:11:07.069,3334.0,3328.5,4306,3328.5,3327.0
2022-05-19 08:11:07.320,3334.0,3328.5,4306,3328.5,3327.0
2022-05-19 08:11:07.956,3334.0,3328.5,4307,3328.5,3327.5
2022-05-19 08:11:08.422,3334.0,3328.5,4307,3328.5,3327.0
2022-05-19 08:11:08.918,3334.0,3327.0,4310,3328.5,3326.0
2022-05-19 08:11:09.418,3334.0,3328.5,4311,3329.0,3326.5
2022-05-19 08:11:09.668,3334.0,3328.5,4311,3329.0,3327.0
2022-05-19 08:11:10.919,3334.0,3327.0,4313,3329.0,3326.5
2022-05-19 08:11:11.416,3334.0,3327.0,4313,3328.5,3326.5
2022-05-19 08:11:11.935,3334.0,3327.0,4313,3328.5,3327.0
2022-05-19 08:11:12.300,3334.0,3327.0,4313,3328.0,3327.0
2022-05-19 08:11:13.967,3334.0,3327.0,4315,3327.0,3326.5
2022-05-19 08:11:14.645,3334.0,3328.0,4318,3328.5,3325.5
2022-05-19 08:11:15.092,3334.0,3328.0,4318,3328.5,3328.0
2022-05-19 08:11:15.418,3334.0,3328.0,4320,3328.0,3325.5
2022-05-19 08:11:15.920,3334.0,3328.0,4320,3328.0,3325.5
2022-05-19 08:11:16.585,3334.0,3328.0,4320,3328.0,3325.5
2022-05-19 08:11:17.100,3334.0,3328.0,4320,3328.0,3326.0
2022-05-19 08:11:18.083,3334.0,3326.0,4321,3328.0,3325.5
2022-05-19 08:11:18.307,3334.0,3326.0,4321,3328.0,3326.0
2022-05-19 08:11:19.425,3334.0,3328.0,4322,3327.5,3326.0
2022-05-19 08:11:20.966,3334.0,3328.0,4322,3327.0,3326.5
2022-05-19 08:11:21.393,3334.0,3326.5,4323,3327.0,3325.5
2022-05-19 08:11:21.925,3334.0,3325.5,4324,3326.5,3325.0
2022-05-19 08:11:22.470,3334.0,3326.5,4325,3327.0,3325.0
2022-05-19 08:11:22.997,3334.0,3326.5,4325,3326.5,3325.0
2022-05-19 08:11:24.132,3334.0,3327.0,4327,3327.0,3325.0
2022-05-19 08:11:24.286,3334.0,3327.0,4327,3327.0,3325.0
2022-05-19 08:11:24.968,3334.0,3325.0,4330,3326.5,3325.0
2022-05-19 08:11:25.498,3334.0,3326.5,4331,3326.5,3325.0
2022-05-19 08:11:26.061,3334.0,3325.0,4332,3326.5,3325.0
2022-05-19 08:11:26.419,3334.0,3325.0,4335,3326.5,3324.5
2022-05-19 08:11:27.301,3334.0,3325.0,4335,3326.0,3324.5
2022-05-19 08:11:28.105,3334.0,3326.5,4338,3326.5,3326.0
2022-05-19 08:11:28.638,3334.0,3326.0,4343,3326.5,3323.5
2022-05-19 08:11:28.993,3334.0,3326.0,4343,3326.5,3324.0
2022-05-19 08:11:29.976,3334.0,3326.0,4343,3326.5,3324.5
2022-05-19 08:11:31.523,3334.0,3326.0,4343,3326.0,3324.5
2022-05-19 08:11:33.074,3334.0,3326.0,4345,3326.5,3323.5
2022-05-19 08:11:33.324,3334.0,3326.0,4345,3326.0,3324.0
2022-05-19 08:11:34.004,3334.0,3326.0,4345,3325.0,3323.5
2022-05-19 08:11:34.416,3334.0,3326.0,4345,3325.0,3324.0
2022-05-19 08:11:35.716,3334.0,3326.0,4345,3325.0,3324.0
2022-05-19 08:11:36.535,3334.0,3324.0,4346,3325.0,3324.0
2022-05-19 08:11:36.919,3334.0,3324.0,4347,3324.0,3323.0
2022-05-19 08:11:39.609,3334.0,3324.0,4348,3325.0,3323.5
2022-05-19 08:11:39.925,3334.0,3324.0,4348,3325.0,3323.0
2022-05-19 08:11:40.393,3334.0,3323.0,4349,3324.5,3323.0
2022-05-19 08:11:41.074,3334.0,3325.0,4351,3325.0,3324.5
2022-05-19 08:11:41.522,3334.0,3326.0,4359,3327.0,3325.5
2022-05-19 08:11:42.532,3334.0,3325.5,4360,3327.0,3325.5
2022-05-19 08:11:43.116,3334.0,3325.5,4360,3327.0,3326.0
2022-05-19 08:11:43.573,3334.0,3327.0,4362,3326.5,3326.0
2022-05-19 08:11:44.146,3334.0,3326.5,4363,3327.5,3326.0
2022-05-19 08:11:44.926,3334.0,3326.5,4363,3327.0,3325.0
2022-05-19 08:11:45.378,3334.0,3326.5,4363,3327.0,3325.5
2022-05-19 08:11:45.780,3334.0,3326.5,4363,3326.5,3325.5
2022-05-19 08:11:49.122,3334.0,3326.0,4364,3326.5,3325.5
2022-05-19 08:11:49.541,3334.0,3326.5,4366,3327.5,3325.5
2022-05-19 08:11:50.074,3334.0,3325.5,4367,3327.5,3325.5
2022-05-19 08:11:50.283,3334.0,3325.5,4367,3327.5,3326.5
2022-05-19 08:11:51.121,3334.0,3325.5,4368,3327.5,3325.5
2022-05-19 08:11:51.632,3334.0,3325.5,4368,3327.5,3325.5
2022-05-19 08:11:52.121,3334.0,3325.5,4369,3327.5,3325.5
2022-05-19 08:11:52.392,3334.0,3325.5,4369,3327.5,3326.5
2022-05-19 08:11:53.989,3334.0,3326.5,4370,3327.5,3325.5
2022-05-19 08:11:57.149,3334.0,3326.5,4370,3327.5,3325.5
2022-05-19 08:11:57.189,3334.0,3326.5,4370,3327.0,3325.5
2022-05-19 08:12:00.074,3334.0,3327.0,4371,3327.5,3325.5
2022-05-19 08:12:00.292,3334.0,3327.0,4371,3327.5,3325.5
2022-05-19 08:12:01.526,3334.0,3327.5,4372,3327.5,3325.5
2022-05-19 08:12:02.124,3334.0,3327.5,4374,3329.0,3325.5
2022-05-19 08:12:02.631,3334.0,3327.5,4374,3327.5,3326.0
2022-05-19 08:12:02.674,3334.0,3327.5,4374,3327.5,3325.5
2022-05-19 08:12:03.595,3334.0,3327.5,4375,3328.5,3327.5
2022-05-19 08:12:03.925,3334.0,3327.5,4376,3328.0,3327.0
2022-05-19 08:12:04.654,3334.0,3327.0,4378,3329.0,3327.0
2022-05-19 08:12:05.017,3334.0,3327.0,4378,3329.0,3328.5
2022-05-19 08:12:05.630,3334.0,3329.0,4385,3329.0,3326.5
2022-05-19 08:12:06.143,3334.0,3329.0,4388,3329.5,3329.0
2022-05-19 08:12:06.487,3334.0,3329.5,4391,3330.0,3329.5
2022-05-19 08:12:06.954,3334.0,3329.5,4392,3330.0,3327.5
2022-05-19 08:12:07.589,3334.0,3330.0,4394,3330.0,3327.5
2022-05-19 08:12:08.026,3334.0,3330.0,4394,3330.0,3327.5
2022-05-19 08:12:08.207,3334.0,3330.0,4395,3330.0,3328.0
2022-05-19 08:12:09.080,3334.0,3330.0,4395,3330.0,3328.0
2022-05-19 08:12:09.534,3334.0,3330.0,4397,3330.0,3327.5
2022-05-19 08:12:09.981,3334.0,3330.0,4400,3330.0,3328.5
2022-05-19 08:12:11.013,3334.0,3330.0,4402,3330.0,3328.0
2022-05-19 08:12:11.543,3334.0,3330.5,4404,3330.5,3328.5
2022-05-19 08:12:12.038,3334.0,3330.5,4405,3331.0,3328.5
2022-05-19 08:12:13.425,3334.0,3330.5,4406,3330.5,3328.0
2022-05-19 08:12:14.040,3334.0,3330.0,4407,3330.0,3327.5
2022-05-19 08:12:14.644,3334.0,3330.5,4410,3330.5,3328.0
2022-05-19 08:12:14.762,3334.0,3330.5,4411,3330.5,3328.0
2022-05-19 08:12:15.923,3334.0,3330.5,4412,3331.0,3330.5
2022-05-19 08:12:16.541,3334.0,3330.5,4414,3331.0,3330.5
2022-05-19 08:12:17.112,3334.0,3330.5,4415,3331.0,3330.5
2022-05-19 08:12:17.626,3334.0,3331.0,4417,3331.5,3331.0
2022-05-19 08:12:18.174,3334.0,3330.5,4420,3331.5,3330.5
2022-05-19 08:12:18.806,3334.0,3330.5,4420,3331.0,3330.5
2022-05-19 08:12:19.515,3334.0,3331.0,4421,3331.0,3330.5
2022-05-19 08:12:20.467,3334.0,3331.0,4421,3331.0,3330.5
2022-05-19 08:12:20.926,3334.0,3331.0,4423,3331.5,3330.5
2022-05-19 08:12:22.064,3334.0,3331.0,4424,3331.5,3330.5
2022-05-19 08:12:22.276,3334.0,3331.5,4425,3331.5,3330.5
2022-05-19 08:12:22.929,3334.0,3331.0,4426,3331.5,3330.5
2022-05-19 08:12:23.436,3334.0,3331.0,4426,3331.0,3330.5
2022-05-19 08:12:24.944,3334.0,3330.5,4427,3331.0,3330.5
2022-05-19 08:12:25.174,3334.0,3330.5,4428,3331.0,3330.0
2022-05-19 08:12:27.554,3334.0,3330.5,4428,3330.5,3330.0
2022-05-19 08:12:28.116,3334.0,3330.5,4429,3331.5,3331.0
2022-05-19 08:12:28.245,3334.0,3330.5,4429,3331.5,3331.0
2022-05-19 08:12:29.154,3334.0,3331.5,4430,3331.5,3331.0
2022-05-19 08:12:29.567,3334.0,3331.5,4433,3331.5,3331.0
2022-05-19 08:12:29.927,3334.0,3332.0,4437,3332.0,3331.0
2022-05-19 08:12:30.455,3334.0,3332.0,4437,3331.5,3331.0
2022-05-19 08:12:30.930,3334.0,3331.0,4440,3331.5,3330.5
2022-05-19 08:12:32.064,3334.0,3331.5,4441,3331.5,3330.5
2022-05-19 08:12:32.938,3334.0,3331.5,4442,3332.0,3331.0
2022-05-19 08:12:33.585,3334.0,3331.5,4442,3331.5,3330.5
2022-05-19 08:12:33.808,3334.0,3331.5,4443,3332.0,3331.5
2022-05-19 08:12:34.634,3334.0,3332.0,4450,3332.5,3332.0
2022-05-19 08:12:35.147,3334.0,3332.5,4457,3333.0,3332.5
2022-05-19 08:12:35.650,3334.0,3333.5,4462,3334.0,3333.5
2022-05-19 08:12:36.038,3334.0,3333.5,4463,3334.0,3333.5
2022-05-19 08:12:36.534,3334.0,3334.0,4465,3335.0,3334.0
2022-05-19 08:12:36.977,3334.0,3334.0,4466,3335.0,3334.0
2022-05-19 08:12:37.610,3334.0,3335.0,4470,3335.0,3334.0
2022-05-19 08:12:38.101,3334.0,3335.0,4472,3335.0,3334.0
2022-05-19 08:12:38.490,3334.0,3335.0,4473,3335.0,3334.0
2022-05-19 08:12:39.563,3334.0,3335.0,4474,3335.5,3334.0
2022-05-19 08:12:40.012,3334.0,3335.0,4475,3335.5,3335.0
2022-05-19 08:12:40.599,3334.0,3335.0,4476,3335.5,3334.0
2022-05-19 08:12:41.477,3334.0,3335.5,4479,3336.0,3335.5
2022-05-19 08:12:42.075,3334.0,3335.5,4481,3336.0,3335.5
2022-05-19 08:12:42.644,3334.0,3336.0,4482,3336.0,3335.5
2022-05-19 08:12:42.973,3334.0,3336.0,4482,3336.0,3335.5
2022-05-19 08:12:43.676,3334.0,3336.0,4484,3337.0,3335.5
2022-05-19 08:12:44.625,3334.0,3335.5,4486,3336.0,3335.5
2022-05-19 08:12:45.104,3334.0,3336.0,4487,3337.0,3336.0
2022-05-19 08:12:45.992,3334.0,3336.0,4487,3337.0,3336.0
2022-05-19 08:12:46.280,3334.0,3336.0,4487,3337.0,3336.0
2022-05-19 08:12:47.120,3334.0,3337.0,4488,3337.5,3337.0
2022-05-19 08:12:47.573,3334.0,3337.5,4493,3338.0,3337.0
2022-05-19 08:12:47.973,3334.0,3337.0,4494,3338.0,3337.0
2022-05-19 08:12:48.586,3334.0,3338.0,4495,3338.0,3337.0
2022-05-19 08:12:49.594,3334.0,3337.0,4499,3337.5,3337.0
2022-05-19 08:12:50.049,3334.0,3337.0,4502,3337.0,3336.0
2022-05-19 08:12:50.608,3334.0,3336.0,4505,3337.0,3336.0
2022-05-19 08:12:51.113,3334.0,3336.0,4509,3336.0,3335.5
2022-05-19 08:12:51.635,3334.0,3335.0,4514,3335.0,3334.0
2022-05-19 08:12:52.095,3334.0,3333.0,4523,3334.0,3333.0
2022-05-19 08:12:52.526,3334.0,3333.0,4525,3332.5,3332.0
2022-05-19 08:12:53.008,3334.0,3332.5,4526,3333.0,3332.5
2022-05-19 08:12:53.615,3334.0,3333.0,4528,3333.5,3333.0
2022-05-19 08:12:54.150,3334.0,3333.5,4530,3335.0,3333.0
2022-05-19 08:12:54.523,3334.0,3333.5,4530,3335.5,3333.5
2022-05-19 08:12:54.993,3334.0,3334.0,4532,3335.5,3333.5
2022-05-19 08:12:55.628,3334.0,3334.0,4532,3335.0,3333.5
2022-05-19 08:12:55.976,3334.0,3334.0,4532,3335.0,3333.0
2022-05-19 08:12:56.442,3334.0,3334.0,4532,3335.0,3333.0
2022-05-19 08:12:57.539,3334.0,3335.0,4533,3335.0,3333.5
2022-05-19 08:12:58.127,3334.0,3335.5,4536,3335.5,3333.5
2022-05-19 08:12:58.597,3334.0,3334.0,4537,3335.5,3333.5
2022-05-19 08:12:59.456,3334.0,3334.0,4537,3335.0,3333.0
2022-05-19 08:13:00.085,3334.0,3334.5,4538,3335.0,3333.0
2022-05-19 08:13:01.040,3334.0,3334.5,4539,3335.0,3333.0
2022-05-19 08:13:01.589,3334.0,3334.0,4541,3334.0,3332.5
2022-05-19 08:13:01.937,3334.0,3334.0,4541,3334.0,3332.5
2022-05-19 08:13:02.431,3334.0,3334.0,4542,3333.5,3332.5
2022-05-19 08:13:03.103,3334.0,3332.5,4543,3333.5,3332.5
2022-05-19 08:13:03.599,3334.0,3332.5,4543,3333.5,3333.0
2022-05-19 08:13:05.086,3334.0,3333.0,4545,3333.5,3332.5
2022-05-19 08:13:05.441,3334.0,3333.0,4545,3334.0,3332.5
2022-05-19 08:13:05.978,3334.0,3333.0,4545,3333.0,3332.5
2022-05-19 08:13:06.533,3334.0,3333.0,4545,3333.0,3332.5
2022-05-19 08:13:07.059,3334.0,3332.0,4547,3333.0,3331.0
2022-05-19 08:13:08.117,3334.0,3332.0,4547,3333.0,3331.0
2022-05-19 08:13:08.425,3334.0,3332.0,4547,3333.0,3331.5
2022-05-19 08:13:09.022,3334.0,3332.0,4547,3333.0,3331.5
2022-05-19 08:13:09.475,3334.0,3333.0,4548,3333.0,3331.0
2022-05-19 08:13:09.924,3334.0,3333.0,4551,3333.0,3331.5
2022-05-19 08:13:10.611,3334.0,3333.0,4551,3333.0,3331.0
2022-05-19 08:13:11.045,3334.0,3331.0,4553,3333.0,3330.5
2022-05-19 08:13:11.431,3334.0,3331.0,4553,3333.0,3330.5
2022-05-19 08:13:11.997,3334.0,3330.5,4555,3331.5,3330.5
2022-05-19 08:13:12.586,3334.0,3330.0,4559,3330.5,3330.0
2022-05-19 08:13:12.952,3334.0,3330.0,4560,3330.5,3328.5
2022-05-19 08:13:13.331,3334.0,3330.0,4560,3330.5,3328.5
2022-05-19 08:13:14.534,3334.0,3330.0,4560,3330.5,3329.0
2022-05-19 08:13:15.478,3334.0,3330.5,4563,3330.5,3328.5
2022-05-19 08:13:16.062,3334.0,3330.5,4563,3330.5,3329.0
2022-05-19 08:13:18.399,3334.0,3330.5,4564,3331.0,3330.5
2022-05-19 08:13:19.062,3334.0,3331.5,4567,3332.5,3330.5
2022-05-19 08:13:19.541,3334.0,3332.5,4573,3333.0,3332.5
2022-05-19 08:13:19.927,3334.0,3333.0,4574,3334.0,3331.5
2022-05-19 08:13:20.424,3334.0,3333.0,4574,3334.0,3332.5
2022-05-19 08:13:21.018,3334.0,3333.0,4574,3333.5,3332.5
2022-05-19 08:13:21.593,3334.0,3333.0,4574,3333.5,3331.0
2022-05-19 08:13:21.928,3334.0,3333.0,4574,3332.5,3331.0
2022-05-19 08:13:22.345,3334.0,3333.0,4574,3332.5,3331.0
2022-05-19 08:13:22.919,3334.0,3333.0,4575,3333.0,3331.0
2022-05-19 08:13:23.169,3334.0,3333.0,4575,3332.5,3331.0
2022-05-19 08:13:23.808,3334.0,3333.0,4575,3333.0,3331.0
2022-05-19 08:13:25.090,3334.0,3333.0,4575,3333.5,3331.5
2022-05-19 08:13:25.338,3334.0,3333.0,4576,3333.5,3332.0
2022-05-19 08:13:26.937,3334.0,3333.0,4576,3333.5,3332.0
2022-05-19 08:13:27.443,3334.0,3333.0,4576,3333.5,3332.5
2022-05-19 08:13:28.111,3334.0,3333.5,4578,3335.0,3333.5
2022-05-19 08:13:29.116,3334.0,3333.5,4578,3334.5,3333.5
2022-05-19 08:13:29.382,3334.0,3333.5,4578,3334.0,3333.5
2022-05-19 08:13:29.926,3334.0,3333.5,4580,3334.0,3332.5
2022-05-19 08:13:31.152,3334.0,3333.5,4580,3333.5,3332.5
2022-05-19 08:13:31.929,3334.0,3333.5,4580,3333.5,3332.5
2022-05-19 08:13:32.612,3334.0,3332.5,4581,3332.5,3331.0
2022-05-19 08:13:33.145,3334.0,3332.5,4581,3332.5,3331.5
2022-05-19 08:13:33.580,3334.0,3332.5,4581,3332.5,3332.0
2022-05-19 08:13:35.073,3334.0,3332.5,4582,3333.0,3332.0
2022-05-19 08:13:35.425,3334.0,3333.0,4583,3333.5,3332.0
2022-05-19 08:13:36.526,3334.0,3333.0,4583,3333.5,3332.0
2022-05-19 08:13:36.847,3334.0,3333.0,4583,3333.0,3332.0
2022-05-19 08:13:39.413,3334.0,3333.0,4584,3333.5,3332.0
2022-05-19 08:13:39.973,3334.0,3333.0,4584,3333.5,3332.0
2022-05-19 08:13:40.421,3334.0,3333.0,4584,3333.0,3332.0
2022-05-19 08:13:41.166,3334.0,3333.0,4585,3333.5,3332.0
2022-05-19 08:13:42.067,3334.0,3332.0,4586,3333.5,3332.0
2022-05-19 08:13:42.167,3334.0,3332.0,4586,3333.0,3332.0
2022-05-19 08:13:43.069,3334.0,3332.0,4586,3332.5,3332.0
2022-05-19 08:13:43.423,3334.0,3332.0,4588,3332.5,3332.0
2022-05-19 08:13:44.146,3334.0,3332.0,4590,3332.5,3331.0
2022-05-19 08:13:44.290,3334.0,3332.0,4590,3332.0,3331.0
2022-05-19 08:13:45.646,3334.0,3332.0,4591,3332.0,3331.0
2022-05-19 08:13:47.153,3334.0,3332.0,4593,3332.5,3331.0
2022-05-19 08:13:47.467,3334.0,3332.0,4593,3332.5,3331.5
2022-05-19 08:13:48.117,3334.0,3332.0,4593,3332.5,3331.0
2022-05-19 08:13:49.423,3334.0,3332.5,4595,3333.5,3330.5
2022-05-19 08:13:49.968,3334.0,3332.5,4595,3332.5,3331.0
2022-05-19 08:13:50.424,3334.0,3332.5,4596,3332.5,3331.0
2022-05-19 08:13:50.928,3334.0,3332.5,4596,3333.0,3331.5
2022-05-19 08:13:51.432,3334.0,3333.0,4597,3332.5,3330.5
2022-05-19 08:13:51.930,3334.0,3333.0,4598,3332.5,3330.5
2022-05-19 08:13:52.649,3334.0,3332.5,4599,3333.5,3332.0
2022-05-19 08:13:52.928,3334.0,3330.5,4602,3331.5,3330.0
2022-05-19 08:13:54.074,3334.0,3331.5,4603,3332.0,3330.0
2022-05-19 08:13:54.429,3334.0,3331.5,4603,3333.0,3330.5
2022-05-19 08:13:55.137,3334.0,3331.5,4603,3333.0,3330.5
2022-05-19 08:13:55.170,3334.0,3331.5,4603,3333.0,3330.5
2022-05-19 08:13:55.994,3334.0,3331.0,4604,3333.0,3330.5
2022-05-19 08:13:56.616,3334.0,3331.0,4604,3332.5,3330.5
2022-05-19 08:13:57.412,3334.0,3331.0,4604,3332.5,3330.5
2022-05-19 08:13:57.916,3334.0,3331.0,4604,3332.5,3330.5
2022-05-19 08:13:58.416,3334.0,3331.0,4604,3332.5,3330.5
2022-05-19 08:13:58.918,3334.0,3331.0,4604,3332.0,3330.5
2022-05-19 08:14:00.020,3334.0,3332.0,4606,3332.5,3330.0
2022-05-19 08:14:00.429,3334.0,3332.5,4607,3333.0,3331.0
2022-05-19 08:14:00.917,3334.0,3332.5,4608,3333.0,3332.0
2022-05-19 08:14:02.090,3334.0,3330.5,4612,3333.0,3330.5
2022-05-19 08:14:02.423,3334.0,3330.5,4612,3333.0,3331.0
2022-05-19 08:14:02.975,3334.0,3333.0,4613,3333.0,3331.5
2022-05-19 08:14:03.574,3334.0,3333.0,4613,3332.5,3331.5
2022-05-19 08:14:03.916,3334.0,3333.0,4613,3332.0,3330.5
2022-05-19 08:14:04.458,3334.0,3333.0,4613,3332.0,3330.5
2022-05-19 08:14:04.897,3334.0,3333.0,4613,3332.0,3330.5
2022-05-19 08:14:05.465,3334.0,3333.0,4613,3332.0,3331.0
2022-05-19 08:14:05.670,3334.0,3333.0,4613,3332.0,3330.5
2022-05-19 08:14:06.564,3334.0,3333.0,4613,3332.0,3330.5
2022-05-19 08:14:06.922,3334.0,3332.0,4615,3332.5,3330.5
2022-05-19 08:14:07.605,3334.0,3332.0,4615,3332.5,3331.5
2022-05-19 08:14:09.427,3334.0,3332.0,4615,3332.5,3330.5
2022-05-19 08:14:11.788,3334.0,3332.0,4615,3332.0,3331.0
2022-05-19 08:14:12.580,3334.0,3332.0,4615,3331.5,3331.0
2022-05-19 08:14:12.973,3334.0,3332.0,4616,3332.0,3331.0
2022-05-19 08:14:13.436,3334.0,3332.0,4617,3332.0,3330.5
2022-05-19 08:14:13.943,3334.0,3332.0,4617,3331.5,3330.5
2022-05-19 08:14:16.093,3334.0,3331.5,4618,3332.0,3330.5
2022-05-19 08:14:16.549,3334.0,3331.5,4618,3332.0,3330.5
2022-05-19 08:14:16.866,3334.0,3331.5,4618,3332.0,3330.5
2022-05-19 08:14:19.621,3334.0,3332.0,4619,3332.0,3330.5
2022-05-19 08:14:20.037,3334.0,3332.0,4620,3331.5,3331.0
2022-05-19 08:14:21.859,3334.0,3331.5,4621,3332.5,3330.5
2022-05-19 08:14:25.409,3334.0,3331.5,4621,3332.0,3330.5
2022-05-19 08:14:26.544,3334.0,3330.5,4622,3332.0,3330.5
2022-05-19 08:14:26.915,3334.0,3330.5,4622,3332.0,3330.5
2022-05-19 08:14:28.138,3334.0,3332.0,4623,3332.5,3332.0
2022-05-19 08:14:28.627,3334.0,3332.0,4627,3332.0,3331.0
2022-05-19 08:14:28.917,3334.0,3332.0,4627,3332.5,3331.0
2022-05-19 08:14:30.075,3334.0,3331.0,4628,3332.5,3330.5
2022-05-19 08:14:30.919,3334.0,3331.0,4628,3331.0,3330.5
2022-05-19 08:14:31.372,3334.0,3331.0,4629,3331.0,3330.5
2022-05-19 08:14:33.020,3334.0,3330.5,4630,3331.0,3330.0
2022-05-19 08:14:34.414,3334.0,3330.0,4631,3330.5,3330.0
2022-05-19 08:14:35.602,3334.0,3330.0,4632,3330.5,3330.0
2022-05-19 08:14:35.917,3334.0,3330.0,4633,3330.5,3330.0
2022-05-19 08:14:36.395,3334.0,3330.0,4635,3330.5,3330.0
2022-05-19 08:14:39.203,3334.0,3330.5,4636,3330.5,3330.0
2022-05-19 08:14:39.977,3334.0,3330.5,4637,3331.0,3330.0
2022-05-19 08:14:40.926,3334.0,3330.0,4642,3330.5,3329.5
2022-05-19 08:14:41.430,3334.0,3330.5,4643,3330.0,3329.0
2022-05-19 08:14:44.788,3334.0,3330.5,4643,3329.5,3329.0
2022-05-19 08:14:46.434,3334.0,3330.5,4643,3329.5,3329.0
2022-05-19 08:14:46.841,3334.0,3329.0,4644,3329.5,3329.0
2022-05-19 08:14:47.476,3334.0,3329.5,4647,3330.0,3329.5
2022-05-19 08:14:48.515,3334.0,3329.5,4647,3330.0,3329.5
2022-05-19 08:14:49.430,3334.0,3330.0,4649,3330.5,3330.0
2022-05-19 08:14:49.976,3334.0,3330.0,4651,3330.5,3330.0
2022-05-19 08:14:50.419,3334.0,3330.0,4652,3330.5,3329.5
2022-05-19 08:14:52.622,3334.0,3329.5,4655,3329.5,3329.0
2022-05-19 08:14:52.851,3334.0,3329.0,4657,3329.5,3328.5
2022-05-19 08:14:53.345,3334.0,3329.0,4657,3329.5,3329.0
2022-05-19 08:14:54.605,3334.0,3329.5,4658,3329.5,3329.0
2022-05-19 08:14:54.874,3334.0,3329.0,4662,3329.5,3328.5
2022-05-19 08:14:55.425,3334.0,3329.5,4663,3330.0,3328.5
2022-05-19 08:14:56.292,3334.0,3329.5,4663,3329.0,3328.5
2022-05-19 08:14:57.040,3334.0,3329.5,4664,3329.0,3328.5
2022-05-19 08:14:57.279,3334.0,3329.5,4664,3329.0,3328.5
2022-05-19 08:14:58.398,3334.0,3329.5,4664,3329.0,3328.5
2022-05-19 08:15:00.563,3334.0,3329.0,4667,3330.0,3328.5
2022-05-19 08:15:01.002,3334.0,3330.0,4672,3330.5,3329.0
2022-05-19 08:15:01.480,3334.0,3330.0,4672,3330.5,3329.0
2022-05-19 08:15:02.573,3334.0,3330.5,4673,3330.5,3329.0
2022-05-19 08:15:03.096,3334.0,3330.5,4673,3330.5,3329.0
2022-05-19 08:15:03.429,3334.0,3330.5,4673,3330.5,3330.0
2022-05-19 08:15:04.128,3334.0,3330.0,4675,3330.5,3329.0
2022-05-19 08:15:04.573,3334.0,3330.0,4675,3330.0,3329.5
2022-05-19 08:15:04.924,3334.0,3330.0,4676,3330.5,3329.5
2022-05-19 08:15:05.297,3334.0,3329.5,4677,3330.5,3329.0
2022-05-19 08:15:06.540,3334.0,3329.0,4678,3330.0,3329.5
2022-05-19 08:15:07.105,3334.0,3329.5,4679,3330.0,3328.5
2022-05-19 08:15:07.368,3334.0,3329.5,4679,3330.0,3328.5
2022-05-19 08:15:08.646,3334.0,3329.5,4679,3330.0,3329.5
2022-05-19 08:15:09.125,3334.0,3328.5,4681,3329.5,3328.0
2022-05-19 08:15:09.636,3334.0,3328.0,4684,3329.0,3327.5
2022-05-19 08:15:10.063,3334.0,3328.0,4684,3329.0,3328.5
2022-05-19 08:15:10.623,3334.0,3328.0,4686,3329.0,3327.5
2022-05-19 08:15:11.148,3334.0,3327.5,4688,3329.0,3327.0
2022-05-19 08:15:11.346,3334.0,3327.5,4688,3329.0,3327.0
2022-05-19 08:15:12.116,3334.0,3327.5,4688,3327.5,3327.0
2022-05-19 08:15:12.627,3334.0,3327.5,4689,3327.5,3327.0
2022-05-19 08:15:12.859,3334.0,3327.5,4692,3327.5,3327.0
2022-05-19 08:15:13.993,3334.0,3327.5,4693,3327.5,3327.0
2022-05-19 08:15:14.648,3334.0,3327.0,4696,3327.0,3326.0
2022-05-19 08:15:15.010,3334.0,3327.0,4697,3327.5,3327.0
2022-05-19 08:15:15.362,3334.0,3327.5,4698,3328.5,3327.0
2022-05-19 08:15:17.120,3334.0,3328.5,4699,3328.5,3327.0
2022-05-19 08:15:17.416,3334.0,3327.0,4701,3328.0,3327.0
2022-05-19 08:15:17.919,3334.0,3327.0,4703,3328.0,3326.5
2022-05-19 08:15:18.992,3334.0,3327.0,4703,3327.0,3326.5
2022-05-19 08:15:19.536,3334.0,3327.0,4704,3328.0,3326.5
2022-05-19 08:15:19.924,3334.0,3327.0,4705,3328.0,3326.5
2022-05-19 08:15:21.609,3334.0,3328.0,4707,3328.5,3328.0
2022-05-19 08:15:21.868,3334.0,3328.0,4710,3328.5,3326.5
2022-05-19 08:15:25.070,3334.0,3328.5,4712,3329.0,3326.0
2022-05-19 08:15:25.438,3334.0,3328.5,4712,3328.5,3326.5
2022-05-19 08:15:27.021,3334.0,3328.5,4713,3329.0,3328.5
2022-05-19 08:15:27.416,3334.0,3328.5,4717,3328.0,3326.0
2022-05-19 08:15:28.091,3334.0,3328.0,4720,3328.5,3328.0
2022-05-19 08:15:28.419,3334.0,3328.0,4722,3328.0,3326.5
2022-05-19 08:15:29.370,3334.0,3328.0,4723,3328.5,3326.5
2022-05-19 08:15:29.919,3334.0,3328.0,4723,3329.0,3327.0
2022-05-19 08:15:30.364,3334.0,3328.0,4723,3328.5,3327.0
2022-05-19 08:15:31.436,3334.0,3328.0,4723,3328.0,3327.0
2022-05-19 08:15:31.867,3334.0,3328.0,4723,3328.0,3326.5
2022-05-19 08:15:33.489,3334.0,3328.0,4724,3328.0,3326.5
2022-05-19 08:15:36.617,3334.0,3327.0,4725,3328.0,3326.5
2022-05-19 08:15:37.455,3334.0,3327.0,4725,3328.0,3327.0
2022-05-19 08:15:37.908,3334.0,3327.0,4727,3328.0,3326.5
2022-05-19 08:15:39.644,3334.0,3326.5,4729,3328.0,3326.5
2022-05-19 08:15:39.999,3334.0,3326.5,4729,3328.0,3326.5
2022-05-19 08:15:40.543,3334.0,3328.0,4730,3328.5,3328.0
2022-05-19 08:15:40.916,3334.0,3328.0,4734,3328.0,3326.5
2022-05-19 08:15:41.414,3334.0,3328.0,4734,3328.0,3326.5
2022-05-19 08:15:41.915,3334.0,3328.0,4734,3328.0,3326.5
2022-05-19 08:15:42.349,3334.0,3328.0,4734,3328.5,3326.5
2022-05-19 08:15:43.635,3334.0,3328.5,4735,3328.5,3326.5
2022-05-19 08:15:43.663,3334.0,3328.5,4735,3328.5,3327.0
2022-05-19 08:15:44.417,3334.0,3328.5,4736,3329.0,3327.5
2022-05-19 08:15:45.612,3334.0,3328.5,4736,3329.0,3328.5
2022-05-19 08:15:46.127,3334.0,3329.0,4739,3329.0,3327.0
2022-05-19 08:15:46.420,3334.0,3329.0,4739,3328.5,3327.5
2022-05-19 08:15:48.418,3334.0,3329.0,4739,3328.5,3327.5
2022-05-19 08:15:48.916,3334.0,3327.5,4741,3328.0,3326.5
2022-05-19 08:15:49.627,3334.0,3326.5,4742,3328.0,3326.0
2022-05-19 08:15:49.709,3334.0,3326.5,4742,3328.0,3326.0
2022-05-19 08:15:51.139,3334.0,3326.0,4744,3328.0,3326.0
2022-05-19 08:15:51.194,3334.0,3326.0,4744,3328.0,3326.5
2022-05-19 08:15:52.173,3334.0,3326.0,4744,3328.0,3326.0
2022-05-19 08:15:52.919,3334.0,3328.0,4750,3328.5,3326.0
2022-05-19 08:15:53.170,3334.0,3328.0,4750,3328.5,3326.5
2022-05-19 08:15:54.927,3334.0,3328.0,4750,3328.5,3327.0
2022-05-19 08:15:56.125,3334.0,3326.5,4752,3328.5,3326.0
2022-05-19 08:15:56.295,3334.0,3326.5,4752,3328.5,3326.5
2022-05-19 08:15:57.114,3334.0,3328.0,4753,3328.5,3327.0
2022-05-19 08:15:57.223,3334.0,3328.0,4753,3328.5,3327.0
2022-05-19 08:15:58.622,3334.0,3328.5,4754,3329.0,3327.0
2022-05-19 08:15:59.914,3334.0,3329.0,4759,3329.0,3327.0
2022-05-19 08:16:00.649,3334.0,3329.0,4761,3329.5,3328.5
2022-05-19 08:16:00.794,3334.0,3329.0,4761,3329.5,3327.5
2022-05-19 08:16:03.437,3334.0,3329.0,4761,3329.0,3327.5
2022-05-19 08:16:03.899,3334.0,3329.0,4761,3329.0,3327.0
2022-05-19 08:16:05.028,3334.0,3329.0,4762,3329.5,3329.0
2022-05-19 08:16:05.537,3334.0,3329.0,4766,3329.5,3327.0
2022-05-19 08:16:05.666,3334.0,3329.0,4766,3329.5,3328.5
2022-05-19 08:16:06.534,3334.0,3329.0,4766,3329.0,3328.5
2022-05-19 08:16:09.569,3334.0,3329.0,4766,3329.0,3328.5
2022-05-19 08:16:10.001,3334.0,3329.0,4767,3329.0,3327.5
2022-05-19 08:16:10.421,3334.0,3329.0,4767,3329.0,3327.0
2022-05-19 08:16:10.921,3334.0,3329.0,4767,3329.0,3328.5
2022-05-19 08:16:11.638,3334.0,3329.0,4769,3329.5,3329.0
2022-05-19 08:16:13.422,3334.0,3329.0,4771,3329.5,3329.0
2022-05-19 08:16:14.418,3334.0,3329.5,4772,3330.5,3329.5
2022-05-19 08:16:15.623,3334.0,3329.5,4772,3330.5,3330.0
2022-05-19 08:16:15.697,3334.0,3329.5,4774,3330.5,3329.5
2022-05-19 08:16:16.448,3334.0,3329.5,4774,3330.5,3329.5
2022-05-19 08:16:17.742,3334.0,3330.5,4776,3330.5,3329.5
2022-05-19 08:16:19.033,3334.0,3330.5,4776,3330.0,3329.5
2022-05-19 08:16:20.123,3334.0,3329.5,4782,3329.5,3329.0
2022-05-19 08:16:20.653,3334.0,3328.5,4785,3328.5,3328.0
2022-05-19 08:16:21.152,3334.0,3328.0,4787,3328.5,3326.5
2022-05-19 08:16:21.421,3334.0,3328.0,4787,3328.0,3326.0
2022-05-19 08:16:22.036,3334.0,3328.5,4789,3329.0,3326.0
2022-05-19 08:16:22.589,3334.0,3327.5,4790,3329.0,3326.0
2022-05-19 08:16:22.940,3334.0,3327.5,4790,3329.0,3326.5
2022-05-19 08:16:23.405,3334.0,3327.5,4790,3329.0,3326.5
2022-05-19 08:16:23.850,3334.0,3329.0,4791,3329.0,3326.5
2022-05-19 08:16:25.437,3334.0,3329.0,4791,3328.5,3326.5
2022-05-19 08:16:25.788,3334.0,3329.0,4792,3329.0,3326.5
2022-05-19 08:16:28.090,3334.0,3329.0,4794,3329.5,3329.0
2022-05-19 08:16:28.419,3334.0,3329.0,4796,3329.5,3327.0
2022-05-19 08:16:28.917,3334.0,3329.0,4796,3329.5,3327.5
2022-05-19 08:16:29.450,3334.0,3329.0,4796,3329.5,3327.5
2022-05-19 08:16:30.139,3334.0,3327.5,4799,3329.5,3327.5
2022-05-19 08:16:30.608,3334.0,3327.0,4804,3327.0,3326.5
2022-05-19 08:16:31.082,3334.0,3327.0,4805,3328.5,3327.0
2022-05-19 08:16:31.573,3334.0,3327.0,4806,3328.0,3326.0
2022-05-19 08:16:32.417,3334.0,3327.0,4807,3328.0,3326.0
2022-05-19 08:16:32.994,3334.0,3327.0,4807,3328.0,3327.0
2022-05-19 08:16:33.453,3334.0,3327.5,4809,3328.0,3327.0
2022-05-19 08:16:33.926,3334.0,3327.5,4813,3328.0,3327.0
2022-05-19 08:16:34.637,3334.0,3327.0,4815,3328.0,3326.0
2022-05-19 08:16:36.420,3334.0,3327.0,4815,3327.5,3326.0
2022-05-19 08:16:38.432,3334.0,3327.0,4815,3327.5,3326.0
2022-05-19 08:16:39.129,3334.0,3327.5,4816,3328.0,3326.0
2022-05-19 08:16:39.641,3334.0,3326.0,4818,3328.0,3326.5
2022-05-19 08:16:39.920,3334.0,3328.0,4820,3328.5,3326.5
2022-05-19 08:16:41.435,3334.0,3328.0,4820,3328.0,3326.5
2022-05-19 08:16:41.937,3334.0,3328.5,4821,3328.5,3326.5
2022-05-19 08:16:43.142,3334.0,3328.5,4821,3327.5,3326.5
2022-05-19 08:16:43.924,3334.0,3326.5,4824,3327.5,3326.5
2022-05-19 08:16:45.601,3334.0,3326.5,4831,3329.0,3327.5
2022-05-19 08:16:45.915,3334.0,3326.5,4831,3329.0,3327.5
2022-05-19 08:16:48.415,3334.0,3329.0,4835,3329.5,3329.0
2022-05-19 08:16:48.868,3334.0,3329.0,4836,3329.0,3327.5
2022-05-19 08:16:50.028,3334.0,3329.0,4839,3329.5,3329.0
2022-05-19 08:16:50.455,3334.0,3329.0,4841,3329.0,3327.5
2022-05-19 08:16:51.102,3334.0,3329.5,4846,3329.5,3329.0
2022-05-19 08:16:51.962,3334.0,3329.5,4849,3329.5,3329.0
2022-05-19 08:16:52.478,3334.0,3329.0,4852,3329.0,3327.5
2022-05-19 08:16:52.884,3334.0,3329.0,4854,3329.0,3328.0
2022-05-19 08:16:53.712,3334.0,3329.0,4855,3329.5,3329.0
2022-05-19 08:16:54.598,3334.0,3329.5,4862,3330.0,3329.0
2022-05-19 08:16:55.290,3334.0,3330.0,4864,3330.0,3329.0
2022-05-19 08:16:57.146,3334.0,3330.0,4864,3329.5,3329.0
2022-05-19 08:16:58.922,3334.0,3329.0,4865,3329.5,3327.5
2022-05-19 08:16:59.386,3334.0,3329.0,4865,3329.0,3327.5
2022-05-19 08:17:00.119,3334.0,3329.0,4865,3329.0,3328.0
2022-05-19 08:17:00.636,3334.0,3329.5,4870,3330.0,3327.5
2022-05-19 08:17:01.025,3334.0,3330.0,4871,3331.0,3330.0
2022-05-19 08:17:01.443,3334.0,3330.0,4872,3329.5,3328.5
2022-05-19 08:17:01.921,3334.0,3330.0,4872,3330.0,3328.0
2022-05-19 08:17:02.440,3334.0,3330.0,4872,3331.0,3329.5
2022-05-19 08:17:03.151,3334.0,3329.0,4873,3329.5,3329.0
2022-05-19 08:17:03.419,3334.0,3329.5,4874,3331.0,3329.0
2022-05-19 08:17:04.097,3334.0,3329.5,4875,3331.0,3328.5
2022-05-19 08:17:04.419,3334.0,3329.5,4875,3330.0,3328.5
2022-05-19 08:17:05.615,3334.0,3329.5,4875,3330.0,3328.5
2022-05-19 08:17:06.861,3334.0,3329.5,4875,3329.5,3328.5
2022-05-19 08:17:07.646,3334.0,3329.5,4876,3330.0,3329.0
2022-05-19 08:17:08.102,3334.0,3330.0,4878,3330.5,3329.0
2022-05-19 08:17:08.424,3334.0,3330.0,4878,3331.0,3329.0
2022-05-19 08:17:09.450,3334.0,3331.0,4888,3331.5,3331.0
2022-05-19 08:17:09.975,3334.0,3331.0,4891,3331.5,3329.0
2022-05-19 08:17:10.418,3334.0,3331.5,4892,3331.0,3329.0
2022-05-19 08:17:10.919,3334.0,3331.5,4893,3331.0,3329.5
2022-05-19 08:17:11.421,3334.0,3331.5,4893,3331.5,3329.5
2022-05-19 08:17:13.424,3334.0,3329.5,4894,3331.5,3329.0
2022-05-19 08:17:15.979,3334.0,3329.5,4894,3332.0,3329.0
2022-05-19 08:17:16.531,3334.0,3329.5,4894,3332.0,3329.5
2022-05-19 08:17:16.990,3334.0,3329.5,4894,3332.0,3329.5
2022-05-19 08:17:17.387,3334.0,3329.5,4894,3331.5,3329.5
2022-05-19 08:17:19.810,3334.0,3329.5,4895,3331.5,3329.5
2022-05-19 08:17:20.424,3334.0,3331.5,4896,3332.0,3330.0
2022-05-19 08:17:23.476,3334.0,3330.0,4897,3332.0,3330.0
2022-05-19 08:17:24.488,3334.0,3330.0,4897,3330.0,3329.0
2022-05-19 08:17:25.119,3334.0,3330.0,4899,3331.5,3330.0
2022-05-19 08:17:25.921,3334.0,3330.0,4899,3331.0,3330.0
2022-05-19 08:17:28.111,3334.0,3331.0,4900,3331.5,3331.0
2022-05-19 08:17:28.441,3334.0,3331.0,4903,3331.5,3331.0
2022-05-19 08:17:28.754,3334.0,3331.0,4904,3331.5,3330.0
2022-05-19 08:17:29.388,3334.0,3331.0,4904,3331.0,3330.0
2022-05-19 08:17:30.106,3334.0,3330.0,4905,3331.0,3330.0
2022-05-19 08:17:30.634,3334.0,3331.0,4906,3331.0,3330.0
2022-05-19 08:17:31.099,3334.0,3331.0,4906,3331.0,3330.0
2022-05-19 08:17:31.338,3334.0,3331.0,4907,3331.0,3330.0
2022-05-19 08:17:31.828,3334.0,3331.0,4907,3331.0,3330.0
2022-05-19 08:17:32.317,3334.0,3331.0,4908,3331.0,3330.0
2022-05-19 08:17:33.934,3334.0,3331.0,4908,3331.0,3330.5
2022-05-19 08:17:34.642,3334.0,3331.0,4911,3331.0,3330.0
2022-05-19 08:17:35.495,3334.0,3331.0,4911,3331.0,3330.0
2022-05-19 08:17:39.405,3334.0,3331.0,4911,3330.5,3330.0
2022-05-19 08:17:39.911,3334.0,3331.0,4911,3330.5,3330.0
2022-05-19 08:17:40.417,3334.0,3331.0,4911,3330.5,3329.0
2022-05-19 08:17:45.801,3334.0,3331.0,4911,3330.5,3329.5
2022-05-19 08:17:46.419,3334.0,3331.0,4911,3330.5,3329.0
2022-05-19 08:17:46.916,3334.0,3331.0,4911,3330.5,3329.0
2022-05-19 08:17:47.421,3334.0,3331.0,4911,3330.5,3329.5
2022-05-19 08:17:47.782,3334.0,3331.0,4911,3330.5,3329.5
2022-05-19 08:17:48.575,3334.0,3331.0,4911,3330.0,3329.5
2022-05-19 08:17:49.461,3334.0,3331.0,4912,3330.0,3329.5
2022-05-19 08:17:49.788,3334.0,3331.0,4912,3330.0,3329.5
2022-05-19 08:17:51.979,3334.0,3329.5,4913,3330.0,3329.0
2022-05-19 08:17:54.075,3334.0,3329.5,4913,3329.5,3329.0
2022-05-19 08:17:55.446,3334.0,3330.0,4915,3330.5,3330.0
2022-05-19 08:17:55.771,3334.0,3330.0,4915,3330.5,3329.0
2022-05-19 08:17:57.438,3334.0,3330.5,4916,3330.5,3329.0
2022-05-19 08:17:58.442,3334.0,3330.5,4916,3330.0,3329.5
2022-05-19 08:17:58.927,3334.0,3330.5,4916,3330.0,3329.5
2022-05-19 08:17:59.315,3334.0,3330.5,4916,3330.0,3329.0
2022-05-19 08:18:02.150,3334.0,3330.0,4918,3330.5,3329.5
2022-05-19 08:18:02.580,3334.0,3330.0,4918,3330.0,3329.0
2022-05-19 08:18:02.985,3334.0,3330.0,4918,3330.0,3329.0
2022-05-19 08:18:03.512,3334.0,3330.0,4918,3330.0,3329.0
