market_date_sec,tradingDay,time,product,symbol,open,high,low,close,last,volume,oi,askPrice1,bidPrice1,askVolume1,bidVolume1,limitUp,limitDown,factor,UTC
2022-05-19 21:00:00,2022-05-20,2022-05-19 21:00:00.647,J,Fut0_J2209,3334.0,3346.5,3334.0,0.0,3335.0,155,29657,3341.5,3334.5,5,4,3834.0,2834.0,1.0,2022-05-19 08:00:00
2022-05-19 21:00:01,2022-05-20,2022-05-19 21:00:01.646,J,Fut0_J2209,3334.0,3346.5,3334.0,0.0,3339.0,241,29644,3339.0,3335.5,3,1,3834.0,2834.0,1.0,2022-05-19 08:00:01
2022-05-19 21:00:02,2022-05-20,2022-05-19 21:00:02.641,J,Fut0_J2209,3334.0,3346.5,3334.0,0.0,3338.0,290,29631,3338.0,3336.0,17,10,3834.0,2834.0,1.0,2022-05-19 08:00:02
2022-05-19 21:00:03,2022-05-20,2022-05-19 21:00:03.628,J,Fut0_J2209,3334.0,3346.5,3334.0,0.0,3337.5,346,29640,3340.0,3338.5,4,1,3834.0,2834.0,1.0,2022-05-19 08:00:03
2022-05-19 21:00:04,2022-05-20,2022-05-19 21:00:04.630,J,Fut0_J2209,3334.0,3346.5,3334.0,0.0,3339.0,368,29648,3341.5,3339.0,1,4,3834.0,2834.0,1.0,2022-05-19 08:00:04
2022-05-19 21:00:05,2022-05-20,2022-05-19 21:00:05.643,J,Fut0_J2209,3334.0,3346.5,3334.0,0.0,3338.0,401,29642,3340.0,3338.0,5,2,3834.0,2834.0,1.0,2022-05-19 08:00:05
2022-05-19 21:00:06,2022-05-20,2022-05-19 21:00:06.614,J,Fut0_J2209,3334.0,3348.0,3334.0,0.0,3348.0,434,29622,3348.0,3344.0,9,5,3834.0,2834.0,1.0,2022-05-19 08:00:06
2022-05-19 21:00:07,2022-05-20,2022-05-19 21:00:07.515,J,Fut0_J2209,3334.0,3348.0,3334.0,0.0,3346.0,444,29618,3347.0,3344.5,3,1,3834.0,2834.0,1.0,2022-05-19 08:00:07
2022-05-19 21:00:08,2022-05-20,2022-05-19 21:00:08.600,J,Fut0_J2209,3334.0,3348.0,3334.0,0.0,3347.0,453,29622,3346.5,3344.0,4,8,3834.0,2834.0,1.0,2022-05-19 08:00:08
2022-05-19 21:00:09,2022-05-20,2022-05-19 21:00:09.634,J,Fut0_J2209,3334.0,3348.0,3334.0,0.0,3348.0,505,29619,3345.5,3343.0,4,1,3834.0,2834.0,1.0,2022-05-19 08:00:09
2022-05-19 21:00:10,2022-05-20,2022-05-19 21:00:10.647,J,Fut0_J2209,3334.0,3348.0,3334.0,0.0,3347.0,539,29620,3348.5,3348.0,1,2,3834.0,2834.0,1.0,2022-05-19 08:00:10
2022-05-19 21:00:11,2022-05-20,2022-05-19 21:00:11.652,J,Fut0_J2209,3334.0,3350.0,3334.0,0.0,3350.0,569,29620,3350.0,3347.5,15,1,3834.0,2834.0,1.0,2022-05-19 08:00:11
2022-05-19 21:00:12,2022-05-20,2022-05-19 21:00:12.482,J,Fut0_J2209,3334.0,3351.0,3334.0,0.0,3349.0,619,29613,3352.0,3349.0,1,1,3834.0,2834.0,1.0,2022-05-19 08:00:12
2022-05-19 21:00:13,2022-05-20,2022-05-19 21:00:13.639,J,Fut0_J2209,3334.0,3356.0,3334.0,0.0,3356.0,633,29604,3356.0,3350.5,17,1,3834.0,2834.0,1.0,2022-05-19 08:00:13
2022-05-19 21:00:14,2022-05-20,2022-05-19 21:00:14.619,J,Fut0_J2209,3334.0,3356.0,3334.0,0.0,3355.5,658,29592,3353.5,3350.5,1,2,3834.0,2834.0,1.0,2022-05-19 08:00:14
2022-05-19 21:00:15,2022-05-20,2022-05-19 21:00:15.625,J,Fut0_J2209,3334.0,3356.0,3334.0,0.0,3351.0,673,29596,3353.0,3351.0,1,2,3834.0,2834.0,1.0,2022-05-19 08:00:15
2022-05-19 21:00:16,2022-05-20,2022-05-19 21:00:16.542,J,Fut0_J2209,3334.0,3356.0,3334.0,0.0,3352.5,693,29600,3353.5,3353.0,1,3,3834.0,2834.0,1.0,2022-05-19 08:00:16
2022-05-19 21:00:17,2022-05-20,2022-05-19 21:00:17.582,J,Fut0_J2209,3334.0,3356.0,3334.0,0.0,3353.0,711,29596,3355.0,3353.0,1,1,3834.0,2834.0,1.0,2022-05-19 08:00:17
2022-05-19 21:00:18,2022-05-20,2022-05-19 21:00:18.651,J,Fut0_J2209,3334.0,3356.5,3334.0,0.0,3356.5,758,29587,3358.5,3357.5,3,51,3834.0,2834.0,1.0,2022-05-19 08:00:18
2022-05-19 21:00:19,2022-05-20,2022-05-19 21:00:19.593,J,Fut0_J2209,3334.0,3358.5,3334.0,0.0,3357.5,781,29575,3358.0,3357.5,2,35,3834.0,2834.0,1.0,2022-05-19 08:00:19
2022-05-19 21:00:20,2022-05-20,2022-05-19 21:00:20.645,J,Fut0_J2209,3334.0,3359.0,3334.0,0.0,3358.5,797,29571,3359.5,3358.5,9,3,3834.0,2834.0,1.0,2022-05-19 08:00:20
2022-05-19 21:00:21,2022-05-20,2022-05-19 21:00:21.630,J,Fut0_J2209,3334.0,3359.5,3334.0,0.0,3357.5,819,29567,3358.5,3357.5,1,18,3834.0,2834.0,1.0,2022-05-19 08:00:21
2022-05-19 21:00:22,2022-05-20,2022-05-19 21:00:22.653,J,Fut0_J2209,3334.0,3359.5,3334.0,0.0,3357.5,848,29563,3357.5,3355.0,5,2,3834.0,2834.0,1.0,2022-05-19 08:00:22
2022-05-19 21:00:23,2022-05-20,2022-05-19 21:00:23.647,J,Fut0_J2209,3334.0,3359.5,3334.0,0.0,3357.5,865,29567,3357.0,3355.0,1,4,3834.0,2834.0,1.0,2022-05-19 08:00:23
2022-05-19 21:00:24,2022-05-20,2022-05-19 21:00:24.620,J,Fut0_J2209,3334.0,3359.5,3334.0,0.0,3355.0,867,29565,3355.5,3353.5,4,4,3834.0,2834.0,1.0,2022-05-19 08:00:24
2022-05-19 21:00:25,2022-05-20,2022-05-19 21:00:25.652,J,Fut0_J2209,3334.0,3359.5,3334.0,0.0,3354.5,875,29564,3354.5,3353.5,1,4,3834.0,2834.0,1.0,2022-05-19 08:00:25
2022-05-19 21:00:26,2022-05-20,2022-05-19 21:00:26.538,J,Fut0_J2209,3334.0,3359.5,3334.0,0.0,3353.5,880,29559,3353.5,3353.0,1,1,3834.0,2834.0,1.0,2022-05-19 08:00:26
2022-05-19 21:00:27,2022-05-20,2022-05-19 21:00:27.643,J,Fut0_J2209,3334.0,3359.5,3334.0,0.0,3353.0,886,29558,3353.0,3351.0,3,1,3834.0,2834.0,1.0,2022-05-19 08:00:27
2022-05-19 21:00:28,2022-05-20,2022-05-19 21:00:28.642,J,Fut0_J2209,3334.0,3359.5,3334.0,0.0,3351.5,899,29562,3351.5,3351.0,1,2,3834.0,2834.0,1.0,2022-05-19 08:00:28
2022-05-19 21:00:29,2022-05-20,2022-05-19 21:00:29.587,J,Fut0_J2209,3334.0,3359.5,3334.0,0.0,3353.0,912,29564,3353.5,3353.0,1,16,3834.0,2834.0,1.0,2022-05-19 08:00:29
2022-05-19 21:00:30,2022-05-20,2022-05-19 21:00:30.637,J,Fut0_J2209,3334.0,3359.5,3334.0,0.0,3353.5,928,29562,3354.0,3353.0,4,11,3834.0,2834.0,1.0,2022-05-19 08:00:30
2022-05-19 21:00:31,2022-05-20,2022-05-19 21:00:31.651,J,Fut0_J2209,3334.0,3359.5,3334.0,0.0,3353.5,950,29569,3353.5,3351.5,1,1,3834.0,2834.0,1.0,2022-05-19 08:00:31
2022-05-19 21:00:32,2022-05-20,2022-05-19 21:00:32.480,J,Fut0_J2209,3334.0,3359.5,3334.0,0.0,3353.5,955,29568,3354.0,3353.5,4,1,3834.0,2834.0,1.0,2022-05-19 08:00:32
2022-05-19 21:00:33,2022-05-20,2022-05-19 21:00:33.848,J,Fut0_J2209,3334.0,3359.5,3334.0,0.0,3351.5,961,29566,3351.0,3350.0,1,5,3834.0,2834.0,1.0,2022-05-19 08:00:33
2022-05-19 21:00:34,2022-05-20,2022-05-19 21:00:34.595,J,Fut0_J2209,3334.0,3359.5,3334.0,0.0,3350.0,965,29568,3353.0,3350.0,2,3,3834.0,2834.0,1.0,2022-05-19 08:00:34
2022-05-19 21:00:35,2022-05-20,2022-05-19 21:00:35.637,J,Fut0_J2209,3334.0,3359.5,3334.0,0.0,3351.5,971,29569,3352.0,3350.5,1,1,3834.0,2834.0,1.0,2022-05-19 08:00:35
2022-05-19 21:00:36,2022-05-20,2022-05-19 21:00:36.979,J,Fut0_J2209,3334.0,3359.5,3334.0,0.0,3354.0,988,29575,3354.0,3353.5,2,23,3834.0,2834.0,1.0,2022-05-19 08:00:36
2022-05-19 21:00:37,2022-05-20,2022-05-19 21:00:37.623,J,Fut0_J2209,3334.0,3359.5,3334.0,0.0,3354.5,994,29574,3355.0,3354.5,5,5,3834.0,2834.0,1.0,2022-05-19 08:00:37
2022-05-19 21:00:38,2022-05-20,2022-05-19 21:00:38.594,J,Fut0_J2209,3334.0,3359.5,3334.0,0.0,3355.5,1004,29574,3355.0,3354.5,3,1,3834.0,2834.0,1.0,2022-05-19 08:00:38
2022-05-19 21:00:39,2022-05-20,2022-05-19 21:00:39.542,J,Fut0_J2209,3334.0,3359.5,3334.0,0.0,3353.5,1012,29574,3355.0,3353.5,2,22,3834.0,2834.0,1.0,2022-05-19 08:00:39
2022-05-19 21:00:40,2022-05-20,2022-05-19 21:00:40.641,J,Fut0_J2209,3334.0,3359.5,3334.0,0.0,3353.5,1021,29581,3354.5,3353.5,1,14,3834.0,2834.0,1.0,2022-05-19 08:00:40
2022-05-19 21:00:41,2022-05-20,2022-05-19 21:00:41.586,J,Fut0_J2209,3334.0,3359.5,3334.0,0.0,3353.5,1032,29585,3355.0,3353.5,5,11,3834.0,2834.0,1.0,2022-05-19 08:00:41
2022-05-19 21:00:42,2022-05-20,2022-05-19 21:00:42.634,J,Fut0_J2209,3334.0,3359.5,3334.0,0.0,3353.5,1044,29585,3355.0,3353.5,2,9,3834.0,2834.0,1.0,2022-05-19 08:00:42
2022-05-19 21:00:43,2022-05-20,2022-05-19 21:00:43.395,J,Fut0_J2209,3334.0,3359.5,3334.0,0.0,3354.5,1046,29586,3355.0,3353.5,2,10,3834.0,2834.0,1.0,2022-05-19 08:00:43
2022-05-19 21:00:44,2022-05-20,2022-05-19 21:00:44.575,J,Fut0_J2209,3334.0,3359.5,3334.0,0.0,3355.0,1054,29591,3355.0,3354.0,1,1,3834.0,2834.0,1.0,2022-05-19 08:00:44
2022-05-19 21:00:45,2022-05-20,2022-05-19 21:00:45.537,J,Fut0_J2209,3334.0,3359.5,3334.0,0.0,3354.0,1062,29591,3354.0,3353.5,4,4,3834.0,2834.0,1.0,2022-05-19 08:00:45
2022-05-19 21:00:46,2022-05-20,2022-05-19 21:00:46.593,J,Fut0_J2209,3334.0,3359.5,3334.0,0.0,3351.5,1069,29595,3352.0,3350.5,1,2,3834.0,2834.0,1.0,2022-05-19 08:00:46
2022-05-19 21:00:47,2022-05-20,2022-05-19 21:00:47.597,J,Fut0_J2209,3334.0,3359.5,3334.0,0.0,3350.5,1072,29595,3351.5,3350.0,3,7,3834.0,2834.0,1.0,2022-05-19 08:00:47
2022-05-19 21:00:48,2022-05-20,2022-05-19 21:00:48.920,J,Fut0_J2209,3334.0,3359.5,3334.0,0.0,3350.5,1082,29598,3352.0,3350.0,5,7,3834.0,2834.0,1.0,2022-05-19 08:00:48
2022-05-19 21:00:49,2022-05-20,2022-05-19 21:00:49.427,J,Fut0_J2209,3334.0,3359.5,3334.0,0.0,3350.5,1082,29598,3351.5,3350.0,3,7,3834.0,2834.0,1.0,2022-05-19 08:00:49
2022-05-19 21:00:50,2022-05-20,2022-05-19 21:00:50.488,J,Fut0_J2209,3334.0,3359.5,3334.0,0.0,3351.5,1084,29599,3351.5,3350.0,2,6,3834.0,2834.0,1.0,2022-05-19 08:00:50
2022-05-19 21:00:51,2022-05-20,2022-05-19 21:00:51.597,J,Fut0_J2209,3334.0,3359.5,3334.0,0.0,3351.5,1088,29599,3352.0,3351.0,5,1,3834.0,2834.0,1.0,2022-05-19 08:00:51
2022-05-19 21:00:52,2022-05-20,2022-05-19 21:00:52.603,J,Fut0_J2209,3334.0,3359.5,3334.0,0.0,3351.5,1097,29599,3352.0,3351.5,1,3,3834.0,2834.0,1.0,2022-05-19 08:00:52
2022-05-19 21:00:53,2022-05-20,2022-05-19 21:00:53.654,J,Fut0_J2209,3334.0,3359.5,3334.0,0.0,3352.0,1101,29598,3353.5,3351.5,18,4,3834.0,2834.0,1.0,2022-05-19 08:00:53
2022-05-19 21:00:54,2022-05-20,2022-05-19 21:00:54.647,J,Fut0_J2209,3334.0,3359.5,3334.0,0.0,3350.5,1151,29612,3353.5,3352.5,4,2,3834.0,2834.0,1.0,2022-05-19 08:00:54
2022-05-19 21:00:55,2022-05-20,2022-05-19 21:00:55.945,J,Fut0_J2209,3334.0,3359.5,3334.0,0.0,3354.5,1162,29610,3355.0,3354.0,2,2,3834.0,2834.0,1.0,2022-05-19 08:00:55
2022-05-19 21:00:56,2022-05-20,2022-05-19 21:00:56.572,J,Fut0_J2209,3334.0,3359.5,3334.0,0.0,3354.5,1162,29610,3354.5,3354.0,1,2,3834.0,2834.0,1.0,2022-05-19 08:00:56
2022-05-19 21:00:57,2022-05-20,2022-05-19 21:00:57.440,J,Fut0_J2209,3334.0,3359.5,3334.0,0.0,3354.5,1166,29611,3354.0,3353.5,1,4,3834.0,2834.0,1.0,2022-05-19 08:00:57
2022-05-19 21:00:58,2022-05-20,2022-05-19 21:00:58.626,J,Fut0_J2209,3334.0,3359.5,3334.0,0.0,3354.0,1168,29612,3354.5,3353.5,2,4,3834.0,2834.0,1.0,2022-05-19 08:00:58
2022-05-19 21:00:59,2022-05-20,2022-05-19 21:00:59.476,J,Fut0_J2209,3334.0,3359.5,3334.0,0.0,3353.5,1172,29614,3354.0,3350.5,1,7,3834.0,2834.0,1.0,2022-05-19 08:00:59
2022-05-19 21:01:00,2022-05-20,2022-05-19 21:01:00.647,J,Fut0_J2209,3334.0,3359.5,3334.0,0.0,3352.0,1184,29614,3353.5,3350.5,2,5,3834.0,2834.0,1.0,2022-05-19 08:01:00
2022-05-19 21:01:01,2022-05-20,2022-05-19 21:01:01.621,J,Fut0_J2209,3334.0,3359.5,3334.0,0.0,3352.5,1190,29611,3352.5,3351.5,2,2,3834.0,2834.0,1.0,2022-05-19 08:01:01
2022-05-19 21:01:02,2022-05-20,2022-05-19 21:01:02.644,J,Fut0_J2209,3334.0,3359.5,3334.0,0.0,3350.5,1196,29609,3351.5,3350.5,1,2,3834.0,2834.0,1.0,2022-05-19 08:01:02
2022-05-19 21:01:03,2022-05-20,2022-05-19 21:01:03.639,J,Fut0_J2209,3334.0,3359.5,3334.0,0.0,3353.0,1208,29602,3353.5,3353.0,2,1,3834.0,2834.0,1.0,2022-05-19 08:01:03
2022-05-19 21:01:04,2022-05-20,2022-05-19 21:01:04.433,J,Fut0_J2209,3334.0,3359.5,3334.0,0.0,3353.0,1209,29602,3353.0,3351.0,4,2,3834.0,2834.0,1.0,2022-05-19 08:01:04
2022-05-19 21:01:05,2022-05-20,2022-05-19 21:01:05.610,J,Fut0_J2209,3334.0,3359.5,3334.0,0.0,3353.0,1213,29601,3353.0,3352.5,1,2,3834.0,2834.0,1.0,2022-05-19 08:01:05
2022-05-19 21:01:06,2022-05-20,2022-05-19 21:01:06.584,J,Fut0_J2209,3334.0,3359.5,3334.0,0.0,3352.5,1220,29604,3352.5,3351.5,3,1,3834.0,2834.0,1.0,2022-05-19 08:01:06
2022-05-19 21:01:07,2022-05-20,2022-05-19 21:01:07.549,J,Fut0_J2209,3334.0,3359.5,3334.0,0.0,3352.5,1251,29617,3353.0,3352.0,6,4,3834.0,2834.0,1.0,2022-05-19 08:01:07
2022-05-19 21:01:08,2022-05-20,2022-05-19 21:01:08.988,J,Fut0_J2209,3334.0,3359.5,3334.0,0.0,3352.0,1263,29619,3353.5,3351.0,1,6,3834.0,2834.0,1.0,2022-05-19 08:01:08
2022-05-19 21:01:09,2022-05-20,2022-05-19 21:01:09.433,J,Fut0_J2209,3334.0,3359.5,3334.0,0.0,3353.5,1264,29618,3353.5,3352.5,1,1,3834.0,2834.0,1.0,2022-05-19 08:01:09
2022-05-19 21:01:10,2022-05-20,2022-05-19 21:01:10.556,J,Fut0_J2209,3334.0,3359.5,3334.0,0.0,3352.0,1265,29618,3351.5,3351.0,2,3,3834.0,2834.0,1.0,2022-05-19 08:01:10
2022-05-19 21:01:11,2022-05-20,2022-05-19 21:01:11.604,J,Fut0_J2209,3334.0,3359.5,3334.0,0.0,3352.5,1268,29617,3353.5,3351.0,4,4,3834.0,2834.0,1.0,2022-05-19 08:01:11
2022-05-19 21:01:12,2022-05-20,2022-05-19 21:01:12.646,J,Fut0_J2209,3334.0,3359.5,3334.0,0.0,3351.0,1276,29611,3352.0,3350.5,3,2,3834.0,2834.0,1.0,2022-05-19 08:01:12
2022-05-19 21:01:13,2022-05-20,2022-05-19 21:01:13.020,J,Fut0_J2209,3334.0,3359.5,3334.0,0.0,3351.0,1278,29609,3352.0,3350.5,3,2,3834.0,2834.0,1.0,2022-05-19 08:01:13
2022-05-19 21:01:14,2022-05-20,2022-05-19 21:01:14.443,J,Fut0_J2209,3334.0,3359.5,3334.0,0.0,3350.0,1282,29607,3351.0,3350.0,3,10,3834.0,2834.0,1.0,2022-05-19 08:01:14
2022-05-19 21:01:15,2022-05-20,2022-05-19 21:01:15.582,J,Fut0_J2209,3334.0,3359.5,3334.0,0.0,3351.0,1298,29603,3352.0,3351.0,3,8,3834.0,2834.0,1.0,2022-05-19 08:01:15
2022-05-19 21:01:16,2022-05-20,2022-05-19 21:01:16.633,J,Fut0_J2209,3334.0,3359.5,3334.0,0.0,3351.0,1306,29605,3350.5,3349.5,4,2,3834.0,2834.0,1.0,2022-05-19 08:01:16
2022-05-19 21:01:17,2022-05-20,2022-05-19 21:01:17.300,J,Fut0_J2209,3334.0,3359.5,3334.0,0.0,3350.5,1307,29605,3350.5,3349.5,5,2,3834.0,2834.0,1.0,2022-05-19 08:01:17
2022-05-19 21:01:18,2022-05-20,2022-05-19 21:01:18.827,J,Fut0_J2209,3334.0,3359.5,3334.0,0.0,3349.5,1312,29610,3350.5,3349.5,3,1,3834.0,2834.0,1.0,2022-05-19 08:01:18
2022-05-19 21:01:19,2022-05-20,2022-05-19 21:01:19.513,J,Fut0_J2209,3334.0,3359.5,3334.0,0.0,3350.5,1315,29608,3350.0,3349.5,1,1,3834.0,2834.0,1.0,2022-05-19 08:01:19
2022-05-19 21:01:20,2022-05-20,2022-05-19 21:01:20.615,J,Fut0_J2209,3334.0,3359.5,3334.0,0.0,3349.5,1317,29609,3349.5,3349.0,1,1,3834.0,2834.0,1.0,2022-05-19 08:01:20
2022-05-19 21:01:21,2022-05-20,2022-05-19 21:01:21.990,J,Fut0_J2209,3334.0,3359.5,3334.0,0.0,3350.0,1331,29607,3350.5,3348.5,2,2,3834.0,2834.0,1.0,2022-05-19 08:01:21
2022-05-19 21:01:23,2022-05-20,2022-05-19 21:01:23.608,J,Fut0_J2209,3334.0,3359.5,3334.0,0.0,3348.5,1332,29607,3350.0,3347.5,2,4,3834.0,2834.0,1.0,2022-05-19 08:01:23
2022-05-19 21:01:24,2022-05-20,2022-05-19 21:01:24.646,J,Fut0_J2209,3334.0,3359.5,3334.0,0.0,3347.5,1334,29606,3349.5,3347.5,1,2,3834.0,2834.0,1.0,2022-05-19 08:01:24
2022-05-19 21:01:25,2022-05-20,2022-05-19 21:01:25.427,J,Fut0_J2209,3334.0,3359.5,3334.0,0.0,3347.5,1347,29607,3349.0,3347.5,1,4,3834.0,2834.0,1.0,2022-05-19 08:01:25
2022-05-19 21:01:26,2022-05-20,2022-05-19 21:01:26.571,J,Fut0_J2209,3334.0,3359.5,3334.0,0.0,3347.5,1353,29602,3347.5,3347.0,6,3,3834.0,2834.0,1.0,2022-05-19 08:01:26
2022-05-19 21:01:27,2022-05-20,2022-05-19 21:01:27.654,J,Fut0_J2209,3334.0,3359.5,3334.0,0.0,3347.5,1363,29598,3347.5,3346.5,6,2,3834.0,2834.0,1.0,2022-05-19 08:01:27
2022-05-19 21:01:28,2022-05-20,2022-05-19 21:01:28.594,J,Fut0_J2209,3334.0,3359.5,3334.0,0.0,3347.5,1375,29592,3347.5,3347.0,3,2,3834.0,2834.0,1.0,2022-05-19 08:01:28
2022-05-19 21:01:29,2022-05-20,2022-05-19 21:01:29.504,J,Fut0_J2209,3334.0,3359.5,3334.0,0.0,3347.5,1386,29594,3349.0,3348.0,1,3,3834.0,2834.0,1.0,2022-05-19 08:01:29
2022-05-19 21:01:30,2022-05-20,2022-05-19 21:01:30.649,J,Fut0_J2209,3334.0,3359.5,3334.0,0.0,3347.0,1396,29594,3347.0,3346.5,2,2,3834.0,2834.0,1.0,2022-05-19 08:01:30
2022-05-19 21:01:31,2022-05-20,2022-05-19 21:01:31.485,J,Fut0_J2209,3334.0,3359.5,3334.0,0.0,3347.0,1404,29593,3346.5,3345.5,2,3,3834.0,2834.0,1.0,2022-05-19 08:01:31
2022-05-19 21:01:32,2022-05-20,2022-05-19 21:01:32.640,J,Fut0_J2209,3334.0,3359.5,3334.0,0.0,3345.0,1412,29589,3345.0,3344.0,2,2,3834.0,2834.0,1.0,2022-05-19 08:01:32
2022-05-19 21:01:33,2022-05-20,2022-05-19 21:01:33.957,J,Fut0_J2209,3334.0,3359.5,3334.0,0.0,3345.0,1417,29589,3345.0,3343.0,2,3,3834.0,2834.0,1.0,2022-05-19 08:01:33
2022-05-19 21:01:34,2022-05-20,2022-05-19 21:01:34.624,J,Fut0_J2209,3334.0,3359.5,3334.0,0.0,3343.5,1420,29589,3345.0,3343.5,2,4,3834.0,2834.0,1.0,2022-05-19 08:01:34
2022-05-19 21:01:35,2022-05-20,2022-05-19 21:01:35.568,J,Fut0_J2209,3334.0,3359.5,3334.0,0.0,3343.5,1423,29586,3344.5,3344.0,1,1,3834.0,2834.0,1.0,2022-05-19 08:01:35
2022-05-19 21:01:36,2022-05-20,2022-05-19 21:01:36.485,J,Fut0_J2209,3334.0,3359.5,3334.0,0.0,3345.0,1429,29584,3346.0,3345.0,6,3,3834.0,2834.0,1.0,2022-05-19 08:01:36
2022-05-19 21:01:37,2022-05-20,2022-05-19 21:01:37.598,J,Fut0_J2209,3334.0,3359.5,3334.0,0.0,3345.0,1433,29582,3345.5,3344.5,1,3,3834.0,2834.0,1.0,2022-05-19 08:01:37
2022-05-19 21:01:38,2022-05-20,2022-05-19 21:01:38.432,J,Fut0_J2209,3334.0,3359.5,3334.0,0.0,3346.0,1439,29582,3346.0,3344.5,5,3,3834.0,2834.0,1.0,2022-05-19 08:01:38
2022-05-19 21:01:39,2022-05-20,2022-05-19 21:01:39.944,J,Fut0_J2209,3334.0,3359.5,3334.0,0.0,3345.0,1445,29583,3346.0,3345.0,6,4,3834.0,2834.0,1.0,2022-05-19 08:01:39
2022-05-19 21:01:40,2022-05-20,2022-05-19 21:01:40.569,J,Fut0_J2209,3334.0,3359.5,3334.0,0.0,3344.0,1450,29584,3345.5,3344.0,1,1,3834.0,2834.0,1.0,2022-05-19 08:01:40
2022-05-19 21:01:41,2022-05-20,2022-05-19 21:01:41.586,J,Fut0_J2209,3334.0,3359.5,3334.0,0.0,3344.5,1454,29585,3344.5,3343.5,2,2,3834.0,2834.0,1.0,2022-05-19 08:01:41
2022-05-19 21:01:42,2022-05-20,2022-05-19 21:01:42.925,J,Fut0_J2209,3334.0,3359.5,3334.0,0.0,3344.0,1456,29584,3344.5,3343.5,2,3,3834.0,2834.0,1.0,2022-05-19 08:01:42
2022-05-19 21:01:43,2022-05-20,2022-05-19 21:01:43.584,J,Fut0_J2209,3334.0,3359.5,3334.0,0.0,3344.5,1458,29584,3344.5,3343.5,2,4,3834.0,2834.0,1.0,2022-05-19 08:01:43
2022-05-19 21:01:44,2022-05-20,2022-05-19 21:01:44.519,J,Fut0_J2209,3334.0,3359.5,3334.0,0.0,3343.5,1462,29582,3345.0,3344.5,2,3,3834.0,2834.0,1.0,2022-05-19 08:01:44
2022-05-19 21:01:45,2022-05-20,2022-05-19 21:01:45.619,J,Fut0_J2209,3334.0,3359.5,3334.0,0.0,3345.0,1471,29584,3344.0,3343.5,1,1,3834.0,2834.0,1.0,2022-05-19 08:01:45
2022-05-19 21:01:46,2022-05-20,2022-05-19 21:01:46.925,J,Fut0_J2209,3334.0,3359.5,3334.0,0.0,3344.0,1473,29583,3344.0,3343.5,1,1,3834.0,2834.0,1.0,2022-05-19 08:01:46
2022-05-19 21:01:47,2022-05-20,2022-05-19 21:01:47.561,J,Fut0_J2209,3334.0,3359.5,3334.0,0.0,3344.0,1474,29582,3344.5,3344.0,4,1,3834.0,2834.0,1.0,2022-05-19 08:01:47
2022-05-19 21:01:48,2022-05-20,2022-05-19 21:01:48.561,J,Fut0_J2209,3334.0,3359.5,3334.0,0.0,3344.0,1486,29585,3344.5,3344.0,1,1,3834.0,2834.0,1.0,2022-05-19 08:01:48
2022-05-19 21:01:49,2022-05-20,2022-05-19 21:01:49.609,J,Fut0_J2209,3334.0,3359.5,3334.0,0.0,3344.0,1496,29581,3345.0,3343.5,1,4,3834.0,2834.0,1.0,2022-05-19 08:01:49
2022-05-19 21:01:50,2022-05-20,2022-05-19 21:01:50.456,J,Fut0_J2209,3334.0,3359.5,3334.0,0.0,3344.0,1496,29581,3344.0,3343.5,3,4,3834.0,2834.0,1.0,2022-05-19 08:01:50
2022-05-19 21:01:51,2022-05-20,2022-05-19 21:01:51.585,J,Fut0_J2209,3334.0,3359.5,3334.0,0.0,3344.0,1502,29578,3345.0,3344.0,2,1,3834.0,2834.0,1.0,2022-05-19 08:01:51
2022-05-19 21:01:52,2022-05-20,2022-05-19 21:01:52.652,J,Fut0_J2209,3334.0,3359.5,3334.0,0.0,3345.0,1505,29578,3345.5,3345.0,3,3,3834.0,2834.0,1.0,2022-05-19 08:01:52
2022-05-19 21:01:53,2022-05-20,2022-05-19 21:01:53.933,J,Fut0_J2209,3334.0,3359.5,3334.0,0.0,3345.5,1508,29577,3345.5,3345.0,6,7,3834.0,2834.0,1.0,2022-05-19 08:01:53
2022-05-19 21:01:54,2022-05-20,2022-05-19 21:01:54.426,J,Fut0_J2209,3334.0,3359.5,3334.0,0.0,3345.0,1509,29577,3345.5,3345.0,6,6,3834.0,2834.0,1.0,2022-05-19 08:01:54
2022-05-19 21:01:55,2022-05-20,2022-05-19 21:01:55.322,J,Fut0_J2209,3334.0,3359.5,3334.0,0.0,3345.0,1509,29577,3345.5,3345.0,4,6,3834.0,2834.0,1.0,2022-05-19 08:01:55
2022-05-19 21:01:56,2022-05-20,2022-05-19 21:01:56.510,J,Fut0_J2209,3334.0,3359.5,3334.0,0.0,3345.5,1516,29576,3345.5,3345.0,2,3,3834.0,2834.0,1.0,2022-05-19 08:01:56
2022-05-19 21:01:57,2022-05-20,2022-05-19 21:01:57.497,J,Fut0_J2209,3334.0,3359.5,3334.0,0.0,3345.0,1519,29576,3345.0,3344.5,4,1,3834.0,2834.0,1.0,2022-05-19 08:01:57
2022-05-19 21:01:58,2022-05-20,2022-05-19 21:01:58.261,J,Fut0_J2209,3334.0,3359.5,3334.0,0.0,3345.0,1520,29576,3345.0,3344.5,3,1,3834.0,2834.0,1.0,2022-05-19 08:01:58
2022-05-19 21:01:59,2022-05-20,2022-05-19 21:01:59.572,J,Fut0_J2209,3334.0,3359.5,3334.0,0.0,3345.0,1523,29578,3345.0,3344.0,1,2,3834.0,2834.0,1.0,2022-05-19 08:01:59
2022-05-19 21:02:00,2022-05-20,2022-05-19 21:02:00.608,J,Fut0_J2209,3334.0,3359.5,3334.0,0.0,3344.0,1526,29578,3344.5,3343.5,1,2,3834.0,2834.0,1.0,2022-05-19 08:02:00
2022-05-19 21:02:01,2022-05-20,2022-05-19 21:02:01.632,J,Fut0_J2209,3334.0,3359.5,3334.0,0.0,3343.0,1536,29577,3343.0,3342.5,3,2,3834.0,2834.0,1.0,2022-05-19 08:02:01
2022-05-19 21:02:02,2022-05-20,2022-05-19 21:02:02.499,J,Fut0_J2209,3334.0,3359.5,3334.0,0.0,3343.0,1542,29572,3342.5,3342.0,1,13,3834.0,2834.0,1.0,2022-05-19 08:02:02
2022-05-19 21:02:03,2022-05-20,2022-05-19 21:02:03.894,J,Fut0_J2209,3334.0,3359.5,3334.0,0.0,3341.0,1573,29568,3343.0,3341.0,5,5,3834.0,2834.0,1.0,2022-05-19 08:02:03
2022-05-19 21:02:04,2022-05-20,2022-05-19 21:02:04.594,J,Fut0_J2209,3334.0,3359.5,3334.0,0.0,3341.0,1574,29568,3343.0,3342.0,5,1,3834.0,2834.0,1.0,2022-05-19 08:02:04
2022-05-19 21:02:05,2022-05-20,2022-05-19 21:02:05.474,J,Fut0_J2209,3334.0,3359.5,3334.0,0.0,3341.0,1578,29567,3343.0,3341.5,6,1,3834.0,2834.0,1.0,2022-05-19 08:02:05
2022-05-19 21:02:06,2022-05-20,2022-05-19 21:02:06.928,J,Fut0_J2209,3334.0,3359.5,3334.0,0.0,3342.0,1581,29564,3342.0,3341.5,2,2,3834.0,2834.0,1.0,2022-05-19 08:02:06
2022-05-19 21:02:07,2022-05-20,2022-05-19 21:02:07.430,J,Fut0_J2209,3334.0,3359.5,3334.0,0.0,3342.0,1583,29563,3343.0,3342.0,6,5,3834.0,2834.0,1.0,2022-05-19 08:02:07
2022-05-19 21:02:08,2022-05-20,2022-05-19 21:02:08.530,J,Fut0_J2209,3334.0,3359.5,3334.0,0.0,3342.0,1591,29563,3344.0,3342.0,1,3,3834.0,2834.0,1.0,2022-05-19 08:02:08
2022-05-19 21:02:09,2022-05-20,2022-05-19 21:02:09.108,J,Fut0_J2209,3334.0,3359.5,3334.0,0.0,3342.0,1591,29563,3344.0,3342.0,1,3,3834.0,2834.0,1.0,2022-05-19 08:02:09
2022-05-19 21:02:10,2022-05-20,2022-05-19 21:02:10.594,J,Fut0_J2209,3334.0,3359.5,3334.0,0.0,3342.0,1614,29555,3342.5,3341.0,1,3,3834.0,2834.0,1.0,2022-05-19 08:02:10
2022-05-19 21:02:11,2022-05-20,2022-05-19 21:02:11.925,J,Fut0_J2209,3334.0,3359.5,3334.0,0.0,3342.5,1615,29554,3343.0,3342.5,1,1,3834.0,2834.0,1.0,2022-05-19 08:02:11
2022-05-19 21:02:12,2022-05-20,2022-05-19 21:02:12.638,J,Fut0_J2209,3334.0,3359.5,3334.0,0.0,3342.5,1615,29554,3343.0,3342.5,4,1,3834.0,2834.0,1.0,2022-05-19 08:02:12
2022-05-19 21:02:13,2022-05-20,2022-05-19 21:02:13.992,J,Fut0_J2209,3334.0,3359.5,3334.0,0.0,3343.0,1623,29555,3342.5,3340.5,1,1,3834.0,2834.0,1.0,2022-05-19 08:02:13
2022-05-19 21:02:14,2022-05-20,2022-05-19 21:02:14.930,J,Fut0_J2209,3334.0,3359.5,3334.0,0.0,3343.0,1628,29554,3343.5,3343.0,2,2,3834.0,2834.0,1.0,2022-05-19 08:02:14
2022-05-19 21:02:15,2022-05-20,2022-05-19 21:02:15.437,J,Fut0_J2209,3334.0,3359.5,3334.0,0.0,3343.5,1630,29553,3344.0,3343.0,1,5,3834.0,2834.0,1.0,2022-05-19 08:02:15
2022-05-19 21:02:16,2022-05-20,2022-05-19 21:02:16.944,J,Fut0_J2209,3334.0,3359.5,3334.0,0.0,3344.5,1642,29546,3345.0,3344.0,11,7,3834.0,2834.0,1.0,2022-05-19 08:02:16
2022-05-19 21:02:17,2022-05-20,2022-05-19 21:02:17.542,J,Fut0_J2209,3334.0,3359.5,3334.0,0.0,3345.5,1656,29546,3346.0,3345.0,5,4,3834.0,2834.0,1.0,2022-05-19 08:02:17
2022-05-19 21:02:18,2022-05-20,2022-05-19 21:02:18.379,J,Fut0_J2209,3334.0,3359.5,3334.0,0.0,3345.0,1657,29547,3346.0,3345.0,6,5,3834.0,2834.0,1.0,2022-05-19 08:02:18
2022-05-19 21:02:19,2022-05-20,2022-05-19 21:02:19.511,J,Fut0_J2209,3334.0,3359.5,3334.0,0.0,3346.0,1660,29550,3346.0,3345.0,3,5,3834.0,2834.0,1.0,2022-05-19 08:02:19
2022-05-19 21:02:20,2022-05-20,2022-05-19 21:02:20.474,J,Fut0_J2209,3334.0,3359.5,3334.0,0.0,3346.0,1661,29551,3346.0,3345.0,4,5,3834.0,2834.0,1.0,2022-05-19 08:02:20
2022-05-19 21:02:21,2022-05-20,2022-05-19 21:02:21.091,J,Fut0_J2209,3334.0,3359.5,3334.0,0.0,3346.0,1662,29552,3346.0,3345.0,3,5,3834.0,2834.0,1.0,2022-05-19 08:02:21
2022-05-19 21:02:22,2022-05-20,2022-05-19 21:02:22.963,J,Fut0_J2209,3334.0,3359.5,3334.0,0.0,3346.0,1666,29553,3346.0,3345.0,2,5,3834.0,2834.0,1.0,2022-05-19 08:02:22
2022-05-19 21:02:23,2022-05-20,2022-05-19 21:02:23.966,J,Fut0_J2209,3334.0,3359.5,3334.0,0.0,3346.0,1667,29554,3345.5,3345.0,2,3,3834.0,2834.0,1.0,2022-05-19 08:02:23
2022-05-19 21:02:24,2022-05-20,2022-05-19 21:02:24.615,J,Fut0_J2209,3334.0,3359.5,3334.0,0.0,3346.0,1675,29551,3346.5,3343.0,2,1,3834.0,2834.0,1.0,2022-05-19 08:02:24
2022-05-19 21:02:25,2022-05-20,2022-05-19 21:02:25.928,J,Fut0_J2209,3334.0,3359.5,3334.0,0.0,3346.0,1676,29551,3345.5,3344.5,2,1,3834.0,2834.0,1.0,2022-05-19 08:02:25
2022-05-19 21:02:27,2022-05-20,2022-05-19 21:02:27.488,J,Fut0_J2209,3334.0,3359.5,3334.0,0.0,3346.0,1676,29551,3345.0,3344.5,3,1,3834.0,2834.0,1.0,2022-05-19 08:02:27
2022-05-19 21:02:28,2022-05-20,2022-05-19 21:02:28.421,J,Fut0_J2209,3334.0,3359.5,3334.0,0.0,3345.5,1681,29552,3346.5,3345.0,2,2,3834.0,2834.0,1.0,2022-05-19 08:02:28
2022-05-19 21:02:29,2022-05-20,2022-05-19 21:02:29.926,J,Fut0_J2209,3334.0,3359.5,3334.0,0.0,3346.5,1695,29557,3347.0,3343.5,1,1,3834.0,2834.0,1.0,2022-05-19 08:02:29
2022-05-19 21:02:30,2022-05-20,2022-05-19 21:02:30.570,J,Fut0_J2209,3334.0,3359.5,3334.0,0.0,3346.5,1697,29556,3346.0,3345.0,1,5,3834.0,2834.0,1.0,2022-05-19 08:02:30
2022-05-19 21:02:31,2022-05-20,2022-05-19 21:02:31.573,J,Fut0_J2209,3334.0,3359.5,3334.0,0.0,3345.5,1700,29553,3345.5,3345.0,2,6,3834.0,2834.0,1.0,2022-05-19 08:02:31
2022-05-19 21:02:32,2022-05-20,2022-05-19 21:02:32.919,J,Fut0_J2209,3334.0,3359.5,3334.0,0.0,3346.0,1705,29553,3346.5,3345.0,1,4,3834.0,2834.0,1.0,2022-05-19 08:02:32
2022-05-19 21:02:33,2022-05-20,2022-05-19 21:02:33.581,J,Fut0_J2209,3334.0,3359.5,3334.0,0.0,3346.5,1706,29553,3347.0,3346.5,1,3,3834.0,2834.0,1.0,2022-05-19 08:02:33
2022-05-19 21:02:34,2022-05-20,2022-05-19 21:02:34.424,J,Fut0_J2209,3334.0,3359.5,3334.0,0.0,3346.5,1712,29554,3347.5,3346.5,1,6,3834.0,2834.0,1.0,2022-05-19 08:02:34
2022-05-19 21:02:36,2022-05-20,2022-05-19 21:02:36.947,J,Fut0_J2209,3334.0,3359.5,3334.0,0.0,3346.5,1719,29552,3347.5,3346.5,1,5,3834.0,2834.0,1.0,2022-05-19 08:02:36
2022-05-19 21:02:37,2022-05-20,2022-05-19 21:02:37.435,J,Fut0_J2209,3334.0,3359.5,3334.0,0.0,3347.0,1722,29551,3347.5,3346.5,1,3,3834.0,2834.0,1.0,2022-05-19 08:02:37
2022-05-19 21:02:38,2022-05-20,2022-05-19 21:02:38.998,J,Fut0_J2209,3334.0,3359.5,3334.0,0.0,3348.0,1727,29551,3348.0,3347.5,4,2,3834.0,2834.0,1.0,2022-05-19 08:02:38
2022-05-19 21:02:39,2022-05-20,2022-05-19 21:02:39.603,J,Fut0_J2209,3334.0,3359.5,3334.0,0.0,3348.0,1731,29548,3349.0,3348.0,2,1,3834.0,2834.0,1.0,2022-05-19 08:02:39
2022-05-19 21:02:40,2022-05-20,2022-05-19 21:02:40.257,J,Fut0_J2209,3334.0,3359.5,3334.0,0.0,3348.0,1732,29547,3348.5,3347.5,1,2,3834.0,2834.0,1.0,2022-05-19 08:02:40
2022-05-19 21:02:41,2022-05-20,2022-05-19 21:02:41.624,J,Fut0_J2209,3334.0,3359.5,3334.0,0.0,3334.0,1834,29525,3348.5,3334.0,2,7,3834.0,2834.0,1.0,2022-05-19 08:02:41
2022-05-19 21:02:42,2022-05-20,2022-05-19 21:02:42.630,J,Fut0_J2209,3334.0,3359.5,3334.0,0.0,3340.0,1868,29513,3340.0,3338.5,1,1,3834.0,2834.0,1.0,2022-05-19 08:02:42
2022-05-19 21:02:43,2022-05-20,2022-05-19 21:02:43.953,J,Fut0_J2209,3334.0,3359.5,3334.0,0.0,3338.0,1891,29513,3344.5,3339.5,1,4,3834.0,2834.0,1.0,2022-05-19 08:02:43
2022-05-19 21:02:44,2022-05-20,2022-05-19 21:02:44.619,J,Fut0_J2209,3334.0,3359.5,3334.0,0.0,3338.0,1891,29513,3341.5,3340.0,2,2,3834.0,2834.0,1.0,2022-05-19 08:02:44
2022-05-19 21:02:45,2022-05-20,2022-05-19 21:02:45.470,J,Fut0_J2209,3334.0,3359.5,3334.0,0.0,3344.0,1892,29512,3341.5,3340.0,2,1,3834.0,2834.0,1.0,2022-05-19 08:02:45
2022-05-19 21:02:46,2022-05-20,2022-05-19 21:02:46.634,J,Fut0_J2209,3334.0,3359.5,3334.0,0.0,3342.5,1897,29512,3344.5,3342.0,2,3,3834.0,2834.0,1.0,2022-05-19 08:02:46
2022-05-19 21:02:47,2022-05-20,2022-05-19 21:02:47.627,J,Fut0_J2209,3334.0,3359.5,3334.0,0.0,3342.0,1902,29508,3342.0,3341.5,1,2,3834.0,2834.0,1.0,2022-05-19 08:02:47
2022-05-19 21:02:48,2022-05-20,2022-05-19 21:02:48.961,J,Fut0_J2209,3334.0,3359.5,3334.0,0.0,3342.0,1913,29506,3343.0,3342.0,1,1,3834.0,2834.0,1.0,2022-05-19 08:02:48
2022-05-19 21:02:49,2022-05-20,2022-05-19 21:02:49.424,J,Fut0_J2209,3334.0,3359.5,3334.0,0.0,3342.0,1914,29506,3342.0,3341.0,1,1,3834.0,2834.0,1.0,2022-05-19 08:02:49
2022-05-19 21:02:50,2022-05-20,2022-05-19 21:02:50.649,J,Fut0_J2209,3334.0,3359.5,3334.0,0.0,3343.0,1925,29508,3341.0,3339.0,5,4,3834.0,2834.0,1.0,2022-05-19 08:02:50
2022-05-19 21:02:51,2022-05-20,2022-05-19 21:02:51.423,J,Fut0_J2209,3334.0,3359.5,3334.0,0.0,3341.0,1928,29508,3341.5,3340.0,5,1,3834.0,2834.0,1.0,2022-05-19 08:02:51
2022-05-19 21:02:52,2022-05-20,2022-05-19 21:02:52.548,J,Fut0_J2209,3334.0,3359.5,3334.0,0.0,3340.0,1935,29508,3341.5,3340.5,5,3,3834.0,2834.0,1.0,2022-05-19 08:02:52
2022-05-19 21:02:53,2022-05-20,2022-05-19 21:02:53.519,J,Fut0_J2209,3334.0,3359.5,3334.0,0.0,3340.5,1938,29509,3340.0,3338.5,1,2,3834.0,2834.0,1.0,2022-05-19 08:02:53
2022-05-19 21:02:54,2022-05-20,2022-05-19 21:02:54.923,J,Fut0_J2209,3334.0,3359.5,3334.0,0.0,3340.0,1942,29509,3340.0,3339.0,1,1,3834.0,2834.0,1.0,2022-05-19 08:02:54
2022-05-19 21:02:55,2022-05-20,2022-05-19 21:02:55.477,J,Fut0_J2209,3334.0,3359.5,3334.0,0.0,3340.0,1942,29509,3341.0,3340.0,1,1,3834.0,2834.0,1.0,2022-05-19 08:02:55
2022-05-19 21:02:56,2022-05-20,2022-05-19 21:02:56.922,J,Fut0_J2209,3334.0,3359.5,3334.0,0.0,3341.5,1948,29512,3343.5,3341.5,1,1,3834.0,2834.0,1.0,2022-05-19 08:02:56
2022-05-19 21:02:57,2022-05-20,2022-05-19 21:02:57.359,J,Fut0_J2209,3334.0,3359.5,3334.0,0.0,3341.5,1948,29512,3343.5,3341.5,2,2,3834.0,2834.0,1.0,2022-05-19 08:02:57
2022-05-19 21:02:58,2022-05-20,2022-05-19 21:02:58.957,J,Fut0_J2209,3334.0,3359.5,3334.0,0.0,3342.0,1951,29511,3342.5,3341.5,1,2,3834.0,2834.0,1.0,2022-05-19 08:02:58
2022-05-19 21:02:59,2022-05-20,2022-05-19 21:02:59.895,J,Fut0_J2209,3334.0,3359.5,3334.0,0.0,3341.5,1954,29509,3342.5,3341.5,1,1,3834.0,2834.0,1.0,2022-05-19 08:02:59
2022-05-19 21:03:00,2022-05-20,2022-05-19 21:03:00.591,J,Fut0_J2209,3334.0,3359.5,3334.0,0.0,3342.0,1955,29508,3342.5,3341.5,1,5,3834.0,2834.0,1.0,2022-05-19 08:03:00
2022-05-19 21:03:01,2022-05-20,2022-05-19 21:03:01.993,J,Fut0_J2209,3334.0,3359.5,3334.0,0.0,3341.5,1961,29508,3343.5,3342.0,4,1,3834.0,2834.0,1.0,2022-05-19 08:03:01
2022-05-19 21:03:02,2022-05-20,2022-05-19 21:03:02.583,J,Fut0_J2209,3334.0,3359.5,3334.0,0.0,3343.5,1964,29510,3343.5,3342.0,1,1,3834.0,2834.0,1.0,2022-05-19 08:03:02
2022-05-19 21:03:03,2022-05-20,2022-05-19 21:03:03.929,J,Fut0_J2209,3334.0,3359.5,3334.0,0.0,3344.5,1971,29511,3345.0,3343.5,3,1,3834.0,2834.0,1.0,2022-05-19 08:03:03
2022-05-19 21:03:04,2022-05-20,2022-05-19 21:03:04.618,J,Fut0_J2209,3334.0,3359.5,3334.0,0.0,3344.0,1973,29513,3345.0,3344.0,3,1,3834.0,2834.0,1.0,2022-05-19 08:03:04
2022-05-19 21:03:05,2022-05-20,2022-05-19 21:03:05.504,J,Fut0_J2209,3334.0,3359.5,3334.0,0.0,3345.0,1976,29515,3345.0,3344.5,2,3,3834.0,2834.0,1.0,2022-05-19 08:03:05
2022-05-19 21:03:06,2022-05-20,2022-05-19 21:03:06.532,J,Fut0_J2209,3334.0,3359.5,3334.0,0.0,3344.5,1986,29521,3347.0,3344.0,1,1,3834.0,2834.0,1.0,2022-05-19 08:03:06
2022-05-19 21:03:07,2022-05-20,2022-05-19 21:03:07.593,J,Fut0_J2209,3334.0,3359.5,3334.0,0.0,3345.5,1991,29519,3347.0,3345.5,2,4,3834.0,2834.0,1.0,2022-05-19 08:03:07
2022-05-19 21:03:08,2022-05-20,2022-05-19 21:03:08.500,J,Fut0_J2209,3334.0,3359.5,3334.0,0.0,3347.0,1994,29519,3347.5,3346.0,1,2,3834.0,2834.0,1.0,2022-05-19 08:03:08
2022-05-19 21:03:09,2022-05-20,2022-05-19 21:03:09.928,J,Fut0_J2209,3334.0,3359.5,3334.0,0.0,3345.5,2000,29517,3346.5,3345.5,2,1,3834.0,2834.0,1.0,2022-05-19 08:03:09
2022-05-19 21:03:10,2022-05-20,2022-05-19 21:03:10.920,J,Fut0_J2209,3334.0,3359.5,3334.0,0.0,3345.5,2001,29517,3346.0,3344.0,2,4,3834.0,2834.0,1.0,2022-05-19 08:03:10
2022-05-19 21:03:11,2022-05-20,2022-05-19 21:03:11.921,J,Fut0_J2209,3334.0,3359.5,3334.0,0.0,3345.5,2001,29517,3346.0,3344.5,1,1,3834.0,2834.0,1.0,2022-05-19 08:03:11
2022-05-19 21:03:12,2022-05-20,2022-05-19 21:03:12.521,J,Fut0_J2209,3334.0,3359.5,3334.0,0.0,3346.0,2002,29517,3345.5,3344.5,1,2,3834.0,2834.0,1.0,2022-05-19 08:03:12
2022-05-19 21:03:13,2022-05-20,2022-05-19 21:03:13.634,J,Fut0_J2209,3334.0,3359.5,3334.0,0.0,3346.0,2007,29518,3347.0,3345.5,1,1,3834.0,2834.0,1.0,2022-05-19 08:03:13
2022-05-19 21:03:14,2022-05-20,2022-05-19 21:03:14.422,J,Fut0_J2209,3334.0,3359.5,3334.0,0.0,3346.0,2008,29518,3346.0,3345.5,1,1,3834.0,2834.0,1.0,2022-05-19 08:03:14
2022-05-19 21:03:15,2022-05-20,2022-05-19 21:03:15.488,J,Fut0_J2209,3334.0,3359.5,3334.0,0.0,3346.0,2009,29517,3347.5,3345.5,2,3,3834.0,2834.0,1.0,2022-05-19 08:03:15
2022-05-19 21:03:16,2022-05-20,2022-05-19 21:03:16.265,J,Fut0_J2209,3334.0,3359.5,3334.0,0.0,3346.0,2009,29517,3346.5,3345.5,1,3,3834.0,2834.0,1.0,2022-05-19 08:03:16
2022-05-19 21:03:17,2022-05-20,2022-05-19 21:03:17.488,J,Fut0_J2209,3334.0,3359.5,3334.0,0.0,3347.0,2011,29518,3347.0,3346.0,1,1,3834.0,2834.0,1.0,2022-05-19 08:03:17
2022-05-19 21:03:18,2022-05-20,2022-05-19 21:03:18.425,J,Fut0_J2209,3334.0,3359.5,3334.0,0.0,3345.5,2021,29514,3347.0,3345.5,1,1,3834.0,2834.0,1.0,2022-05-19 08:03:18
2022-05-19 21:03:19,2022-05-20,2022-05-19 21:03:19.463,J,Fut0_J2209,3334.0,3359.5,3334.0,0.0,3347.0,2023,29514,3347.0,3345.5,5,2,3834.0,2834.0,1.0,2022-05-19 08:03:19
2022-05-19 21:03:20,2022-05-20,2022-05-19 21:03:20.974,J,Fut0_J2209,3334.0,3359.5,3334.0,0.0,3347.0,2030,29512,3347.0,3345.5,1,2,3834.0,2834.0,1.0,2022-05-19 08:03:20
2022-05-19 21:03:21,2022-05-20,2022-05-19 21:03:21.441,J,Fut0_J2209,3334.0,3359.5,3334.0,0.0,3347.0,2031,29511,3347.5,3345.5,5,2,3834.0,2834.0,1.0,2022-05-19 08:03:21
2022-05-19 21:03:22,2022-05-20,2022-05-19 21:03:22.924,J,Fut0_J2209,3334.0,3359.5,3334.0,0.0,3347.5,2033,29510,3347.5,3347.0,6,3,3834.0,2834.0,1.0,2022-05-19 08:03:22
2022-05-19 21:03:23,2022-05-20,2022-05-19 21:03:23.995,J,Fut0_J2209,3334.0,3359.5,3334.0,0.0,3348.5,2047,29516,3349.0,3347.5,4,3,3834.0,2834.0,1.0,2022-05-19 08:03:23
2022-05-19 21:03:25,2022-05-20,2022-05-19 21:03:25.532,J,Fut0_J2209,3334.0,3359.5,3334.0,0.0,3349.0,2048,29517,3349.0,3347.5,4,5,3834.0,2834.0,1.0,2022-05-19 08:03:25
2022-05-19 21:03:26,2022-05-20,2022-05-19 21:03:26.353,J,Fut0_J2209,3334.0,3359.5,3334.0,0.0,3347.5,2054,29514,3347.0,3346.5,1,20,3834.0,2834.0,1.0,2022-05-19 08:03:26
2022-05-19 21:03:27,2022-05-20,2022-05-19 21:03:27.654,J,Fut0_J2209,3334.0,3359.5,3334.0,0.0,3346.0,2096,29515,3346.0,3345.0,6,2,3834.0,2834.0,1.0,2022-05-19 08:03:27
2022-05-19 21:03:28,2022-05-20,2022-05-19 21:03:28.998,J,Fut0_J2209,3334.0,3359.5,3334.0,0.0,3345.0,2107,29522,3345.0,3344.0,2,2,3834.0,2834.0,1.0,2022-05-19 08:03:28
2022-05-19 21:03:29,2022-05-20,2022-05-19 21:03:29.642,J,Fut0_J2209,3334.0,3359.5,3334.0,0.0,3344.0,2109,29522,3344.0,3343.5,3,1,3834.0,2834.0,1.0,2022-05-19 08:03:29
2022-05-19 21:03:30,2022-05-20,2022-05-19 21:03:30.643,J,Fut0_J2209,3334.0,3359.5,3334.0,0.0,3343.5,2116,29522,3344.0,3342.5,12,2,3834.0,2834.0,1.0,2022-05-19 08:03:30
2022-05-19 21:03:31,2022-05-20,2022-05-19 21:03:31.607,J,Fut0_J2209,3334.0,3359.5,3334.0,0.0,3343.5,2116,29522,3343.5,3343.0,10,2,3834.0,2834.0,1.0,2022-05-19 08:03:31
2022-05-19 21:03:32,2022-05-20,2022-05-19 21:03:32.930,J,Fut0_J2209,3334.0,3359.5,3334.0,0.0,3343.5,2123,29518,3343.5,3343.0,3,3,3834.0,2834.0,1.0,2022-05-19 08:03:32
2022-05-19 21:03:33,2022-05-20,2022-05-19 21:03:33.969,J,Fut0_J2209,3334.0,3359.5,3334.0,0.0,3343.5,2129,29514,3344.0,3343.0,16,2,3834.0,2834.0,1.0,2022-05-19 08:03:33
2022-05-19 21:03:34,2022-05-20,2022-05-19 21:03:34.971,J,Fut0_J2209,3334.0,3359.5,3334.0,0.0,3343.0,2131,29514,3343.5,3343.0,1,2,3834.0,2834.0,1.0,2022-05-19 08:03:34
2022-05-19 21:03:35,2022-05-20,2022-05-19 21:03:35.575,J,Fut0_J2209,3334.0,3359.5,3334.0,0.0,3343.5,2136,29514,3344.0,3343.0,12,2,3834.0,2834.0,1.0,2022-05-19 08:03:35
2022-05-19 21:03:36,2022-05-20,2022-05-19 21:03:36.991,J,Fut0_J2209,3334.0,3359.5,3334.0,0.0,3343.0,2139,29515,3343.0,3342.5,3,2,3834.0,2834.0,1.0,2022-05-19 08:03:36
2022-05-19 21:03:37,2022-05-20,2022-05-19 21:03:37.999,J,Fut0_J2209,3334.0,3359.5,3334.0,0.0,3343.0,2142,29515,3343.0,3342.5,3,2,3834.0,2834.0,1.0,2022-05-19 08:03:37
2022-05-19 21:03:38,2022-05-20,2022-05-19 21:03:38.651,J,Fut0_J2209,3334.0,3359.5,3334.0,0.0,3342.5,2143,29516,3343.0,3342.5,4,1,3834.0,2834.0,1.0,2022-05-19 08:03:38
2022-05-19 21:03:39,2022-05-20,2022-05-19 21:03:39.947,J,Fut0_J2209,3334.0,3359.5,3334.0,0.0,3343.0,2148,29515,3342.5,3342.0,1,3,3834.0,2834.0,1.0,2022-05-19 08:03:39
2022-05-19 21:03:40,2022-05-20,2022-05-19 21:03:40.608,J,Fut0_J2209,3334.0,3359.5,3334.0,0.0,3341.5,2154,29513,3341.5,3341.0,4,8,3834.0,2834.0,1.0,2022-05-19 08:03:40
2022-05-19 21:03:41,2022-05-20,2022-05-19 21:03:41.904,J,Fut0_J2209,3334.0,3359.5,3334.0,0.0,3341.5,2156,29512,3341.5,3341.0,6,9,3834.0,2834.0,1.0,2022-05-19 08:03:41
2022-05-19 21:03:42,2022-05-20,2022-05-19 21:03:42.572,J,Fut0_J2209,3334.0,3359.5,3334.0,0.0,3341.5,2157,29511,3341.5,3341.0,6,9,3834.0,2834.0,1.0,2022-05-19 08:03:42
2022-05-19 21:03:43,2022-05-20,2022-05-19 21:03:43.919,J,Fut0_J2209,3334.0,3359.5,3334.0,0.0,3342.0,2164,29512,3342.5,3341.5,2,2,3834.0,2834.0,1.0,2022-05-19 08:03:43
2022-05-19 21:03:44,2022-05-20,2022-05-19 21:03:44.580,J,Fut0_J2209,3334.0,3359.5,3334.0,0.0,3341.5,2165,29512,3342.5,3341.5,2,8,3834.0,2834.0,1.0,2022-05-19 08:03:44
2022-05-19 21:03:45,2022-05-20,2022-05-19 21:03:45.621,J,Fut0_J2209,3334.0,3359.5,3334.0,0.0,3341.5,2170,29512,3343.0,3341.5,6,7,3834.0,2834.0,1.0,2022-05-19 08:03:45
2022-05-19 21:03:46,2022-05-20,2022-05-19 21:03:46.986,J,Fut0_J2209,3334.0,3359.5,3334.0,0.0,3343.0,2171,29512,3343.0,3342.0,7,1,3834.0,2834.0,1.0,2022-05-19 08:03:46
2022-05-19 21:03:48,2022-05-20,2022-05-19 21:03:48.991,J,Fut0_J2209,3334.0,3359.5,3334.0,0.0,3343.0,2189,29500,3344.0,3343.0,12,2,3834.0,2834.0,1.0,2022-05-19 08:03:48
2022-05-19 21:03:49,2022-05-20,2022-05-19 21:03:49.576,J,Fut0_J2209,3334.0,3359.5,3334.0,0.0,3343.0,2192,29500,3343.0,3342.5,1,1,3834.0,2834.0,1.0,2022-05-19 08:03:49
2022-05-19 21:03:50,2022-05-20,2022-05-19 21:03:50.623,J,Fut0_J2209,3334.0,3359.5,3334.0,0.0,3343.5,2198,29499,3344.0,3343.0,20,3,3834.0,2834.0,1.0,2022-05-19 08:03:50
2022-05-19 21:03:52,2022-05-20,2022-05-19 21:03:52.563,J,Fut0_J2209,3334.0,3359.5,3334.0,0.0,3344.0,2201,29499,3344.0,3343.0,19,1,3834.0,2834.0,1.0,2022-05-19 08:03:52
2022-05-19 21:03:53,2022-05-20,2022-05-19 21:03:53.345,J,Fut0_J2209,3334.0,3359.5,3334.0,0.0,3344.0,2202,29499,3344.0,3343.0,18,2,3834.0,2834.0,1.0,2022-05-19 08:03:53
2022-05-19 21:03:54,2022-05-20,2022-05-19 21:03:54.954,J,Fut0_J2209,3334.0,3359.5,3334.0,0.0,3343.0,2206,29500,3343.0,3342.5,7,2,3834.0,2834.0,1.0,2022-05-19 08:03:54
2022-05-19 21:03:56,2022-05-20,2022-05-19 21:03:56.856,J,Fut0_J2209,3334.0,3359.5,3334.0,0.0,3343.0,2210,29500,3343.0,3342.0,7,2,3834.0,2834.0,1.0,2022-05-19 08:03:56
2022-05-19 21:03:57,2022-05-20,2022-05-19 21:03:57.944,J,Fut0_J2209,3334.0,3359.5,3334.0,0.0,3343.0,2210,29500,3343.0,3342.0,8,3,3834.0,2834.0,1.0,2022-05-19 08:03:57
2022-05-19 21:03:58,2022-05-20,2022-05-19 21:03:58.621,J,Fut0_J2209,3334.0,3359.5,3334.0,0.0,3343.0,2210,29500,3342.5,3342.0,1,3,3834.0,2834.0,1.0,2022-05-19 08:03:58
2022-05-19 21:03:59,2022-05-20,2022-05-19 21:03:59.956,J,Fut0_J2209,3334.0,3359.5,3334.0,0.0,3343.0,2210,29500,3342.5,3342.0,2,3,3834.0,2834.0,1.0,2022-05-19 08:03:59
2022-05-19 21:04:00,2022-05-20,2022-05-19 21:04:00.179,J,Fut0_J2209,3334.0,3359.5,3334.0,0.0,3342.5,2213,29497,3342.5,3342.0,1,1,3834.0,2834.0,1.0,2022-05-19 08:04:00
2022-05-19 21:04:01,2022-05-20,2022-05-19 21:04:01.426,J,Fut0_J2209,3334.0,3359.5,3334.0,0.0,3341.5,2221,29499,3342.5,3341.5,9,4,3834.0,2834.0,1.0,2022-05-19 08:04:01
2022-05-19 21:04:02,2022-05-20,2022-05-19 21:04:02.644,J,Fut0_J2209,3334.0,3359.5,3334.0,0.0,3342.0,2228,29495,3342.0,3341.0,3,10,3834.0,2834.0,1.0,2022-05-19 08:04:02
2022-05-19 21:04:03,2022-05-20,2022-05-19 21:04:03.493,J,Fut0_J2209,3334.0,3359.5,3334.0,0.0,3341.0,2232,29495,3341.5,3341.0,1,6,3834.0,2834.0,1.0,2022-05-19 08:04:03
2022-05-19 21:04:04,2022-05-20,2022-05-19 21:04:04.558,J,Fut0_J2209,3334.0,3359.5,3334.0,0.0,3340.0,2252,29487,3339.5,3339.0,3,3,3834.0,2834.0,1.0,2022-05-19 08:04:04
2022-05-19 21:04:05,2022-05-20,2022-05-19 21:04:05.487,J,Fut0_J2209,3334.0,3359.5,3334.0,0.0,3338.5,2258,29484,3339.0,3338.0,2,1,3834.0,2834.0,1.0,2022-05-19 08:04:05
2022-05-19 21:04:06,2022-05-20,2022-05-19 21:04:06.932,J,Fut0_J2209,3334.0,3359.5,3334.0,0.0,3339.0,2266,29481,3339.0,3336.5,1,1,3834.0,2834.0,1.0,2022-05-19 08:04:06
2022-05-19 21:04:07,2022-05-20,2022-05-19 21:04:07.584,J,Fut0_J2209,3334.0,3359.5,3334.0,0.0,3337.0,2272,29478,3339.5,3337.0,1,1,3834.0,2834.0,1.0,2022-05-19 08:04:07
2022-05-19 21:04:08,2022-05-20,2022-05-19 21:04:08.426,J,Fut0_J2209,3334.0,3359.5,3334.0,0.0,3339.5,2277,29480,3339.5,3337.5,1,2,3834.0,2834.0,1.0,2022-05-19 08:04:08
2022-05-19 21:04:09,2022-05-20,2022-05-19 21:04:09.653,J,Fut0_J2209,3334.0,3359.5,3334.0,0.0,3338.0,2279,29480,3339.5,3337.0,1,1,3834.0,2834.0,1.0,2022-05-19 08:04:09
2022-05-19 21:04:10,2022-05-20,2022-05-19 21:04:10.932,J,Fut0_J2209,3334.0,3359.5,3334.0,0.0,3336.0,2288,29473,3338.0,3335.5,6,2,3834.0,2834.0,1.0,2022-05-19 08:04:10
2022-05-19 21:04:11,2022-05-20,2022-05-19 21:04:11.593,J,Fut0_J2209,3334.0,3359.5,3334.0,0.0,3336.5,2289,29472,3337.0,3336.0,1,2,3834.0,2834.0,1.0,2022-05-19 08:04:11
2022-05-19 21:04:12,2022-05-20,2022-05-19 21:04:12.427,J,Fut0_J2209,3334.0,3359.5,3334.0,0.0,3337.0,2293,29472,3337.5,3335.5,1,1,3834.0,2834.0,1.0,2022-05-19 08:04:12
2022-05-19 21:04:13,2022-05-20,2022-05-19 21:04:13.422,J,Fut0_J2209,3334.0,3359.5,3334.0,0.0,3336.0,2296,29473,3338.0,3335.5,6,1,3834.0,2834.0,1.0,2022-05-19 08:04:13
2022-05-19 21:04:14,2022-05-20,2022-05-19 21:04:14.969,J,Fut0_J2209,3334.0,3359.5,3334.0,0.0,3335.0,2303,29472,3335.5,3334.5,2,3,3834.0,2834.0,1.0,2022-05-19 08:04:14
2022-05-19 21:04:15,2022-05-20,2022-05-19 21:04:15.983,J,Fut0_J2209,3334.0,3359.5,3334.0,0.0,3335.5,2311,29472,3337.0,3335.5,1,2,3834.0,2834.0,1.0,2022-05-19 08:04:15
2022-05-19 21:04:16,2022-05-20,2022-05-19 21:04:16.922,J,Fut0_J2209,3334.0,3359.5,3334.0,0.0,3335.5,2313,29471,3335.5,3335.0,2,1,3834.0,2834.0,1.0,2022-05-19 08:04:16
2022-05-19 21:04:17,2022-05-20,2022-05-19 21:04:17.586,J,Fut0_J2209,3334.0,3359.5,3334.0,0.0,3335.5,2314,29471,3335.5,3335.0,2,1,3834.0,2834.0,1.0,2022-05-19 08:04:17
2022-05-19 21:04:18,2022-05-20,2022-05-19 21:04:18.919,J,Fut0_J2209,3334.0,3359.5,3334.0,0.0,3335.0,2321,29467,3335.0,3334.5,4,2,3834.0,2834.0,1.0,2022-05-19 08:04:18
2022-05-19 21:04:19,2022-05-20,2022-05-19 21:04:19.454,J,Fut0_J2209,3334.0,3359.5,3334.0,0.0,3335.0,2328,29464,3336.0,3335.5,10,2,3834.0,2834.0,1.0,2022-05-19 08:04:19
2022-05-19 21:04:20,2022-05-20,2022-05-19 21:04:20.587,J,Fut0_J2209,3334.0,3359.5,3334.0,0.0,3335.0,2341,29461,3335.0,3334.5,2,1,3834.0,2834.0,1.0,2022-05-19 08:04:20
2022-05-19 21:04:21,2022-05-20,2022-05-19 21:04:21.361,J,Fut0_J2209,3334.0,3359.5,3334.0,0.0,3336.0,2347,29460,3336.0,3334.5,7,2,3834.0,2834.0,1.0,2022-05-19 08:04:21
2022-05-19 21:04:22,2022-05-20,2022-05-19 21:04:22.629,J,Fut0_J2209,3334.0,3359.5,3334.0,0.0,3334.5,2349,29460,3335.0,3334.5,12,11,3834.0,2834.0,1.0,2022-05-19 08:04:22
2022-05-19 21:04:23,2022-05-20,2022-05-19 21:04:23.996,J,Fut0_J2209,3334.0,3359.5,3333.5,0.0,3334.0,2367,29462,3334.0,3333.5,2,2,3834.0,2834.0,1.0,2022-05-19 08:04:23
2022-05-19 21:04:24,2022-05-20,2022-05-19 21:04:24.484,J,Fut0_J2209,3334.0,3359.5,3333.5,0.0,3333.5,2370,29462,3333.5,3333.0,1,23,3834.0,2834.0,1.0,2022-05-19 08:04:24
2022-05-19 21:04:25,2022-05-20,2022-05-19 21:04:25.626,J,Fut0_J2209,3334.0,3359.5,3333.0,0.0,3333.0,2394,29464,3333.5,3333.0,2,6,3834.0,2834.0,1.0,2022-05-19 08:04:25
2022-05-19 21:04:26,2022-05-20,2022-05-19 21:04:26.419,J,Fut0_J2209,3334.0,3359.5,3332.0,0.0,3332.0,2406,29460,3333.0,3332.0,1,1,3834.0,2834.0,1.0,2022-05-19 08:04:26
2022-05-19 21:04:27,2022-05-20,2022-05-19 21:04:27.623,J,Fut0_J2209,3334.0,3359.5,3331.0,0.0,3331.0,2418,29456,3333.0,3332.0,1,2,3834.0,2834.0,1.0,2022-05-19 08:04:27
2022-05-19 21:04:28,2022-05-20,2022-05-19 21:04:28.654,J,Fut0_J2209,3334.0,3359.5,3330.0,0.0,3330.5,2429,29455,3331.0,3330.5,6,1,3834.0,2834.0,1.0,2022-05-19 08:04:28
2022-05-19 21:04:29,2022-05-20,2022-05-19 21:04:29.636,J,Fut0_J2209,3334.0,3359.5,3330.0,0.0,3330.5,2439,29451,3330.5,3330.0,10,7,3834.0,2834.0,1.0,2022-05-19 08:04:29
2022-05-19 21:04:30,2022-05-20,2022-05-19 21:04:30.626,J,Fut0_J2209,3334.0,3359.5,3330.0,0.0,3330.0,2447,29450,3330.0,3329.0,3,3,3834.0,2834.0,1.0,2022-05-19 08:04:30
2022-05-19 21:04:31,2022-05-20,2022-05-19 21:04:31.630,J,Fut0_J2209,3334.0,3359.5,3326.0,0.0,3328.0,2461,29442,3327.5,3326.0,3,1,3834.0,2834.0,1.0,2022-05-19 08:04:31
2022-05-19 21:04:32,2022-05-20,2022-05-19 21:04:32.653,J,Fut0_J2209,3334.0,3359.5,3325.0,0.0,3325.0,2471,29440,3325.5,3325.0,1,2,3834.0,2834.0,1.0,2022-05-19 08:04:32
2022-05-19 21:04:33,2022-05-20,2022-05-19 21:04:33.576,J,Fut0_J2209,3334.0,3359.5,3323.0,0.0,3325.0,2478,29437,3324.5,3323.0,1,3,3834.0,2834.0,1.0,2022-05-19 08:04:33
2022-05-19 21:04:34,2022-05-20,2022-05-19 21:04:34.621,J,Fut0_J2209,3334.0,3359.5,3323.0,0.0,3325.0,2490,29430,3325.5,3325.0,2,3,3834.0,2834.0,1.0,2022-05-19 08:04:34
2022-05-19 21:04:35,2022-05-20,2022-05-19 21:04:35.552,J,Fut0_J2209,3334.0,3359.5,3323.0,0.0,3325.5,2507,29421,3325.5,3325.0,1,3,3834.0,2834.0,1.0,2022-05-19 08:04:35
2022-05-19 21:04:36,2022-05-20,2022-05-19 21:04:36.645,J,Fut0_J2209,3334.0,3359.5,3323.0,0.0,3325.5,2513,29419,3327.5,3326.0,2,1,3834.0,2834.0,1.0,2022-05-19 08:04:36
2022-05-19 21:04:37,2022-05-20,2022-05-19 21:04:37.634,J,Fut0_J2209,3334.0,3359.5,3323.0,0.0,3327.5,2518,29420,3328.0,3326.5,1,1,3834.0,2834.0,1.0,2022-05-19 08:04:37
2022-05-19 21:04:38,2022-05-20,2022-05-19 21:04:38.119,J,Fut0_J2209,3334.0,3359.5,3323.0,0.0,3327.5,2520,29419,3328.0,3326.5,1,1,3834.0,2834.0,1.0,2022-05-19 08:04:38
2022-05-19 21:04:39,2022-05-20,2022-05-19 21:04:39.425,J,Fut0_J2209,3334.0,3359.5,3323.0,0.0,3328.0,2525,29418,3328.5,3326.5,1,1,3834.0,2834.0,1.0,2022-05-19 08:04:39
2022-05-19 21:04:40,2022-05-20,2022-05-19 21:04:40.492,J,Fut0_J2209,3334.0,3359.5,3323.0,0.0,3329.0,2530,29416,3329.0,3328.5,1,1,3834.0,2834.0,1.0,2022-05-19 08:04:40
2022-05-19 21:04:41,2022-05-20,2022-05-19 21:04:41.554,J,Fut0_J2209,3334.0,3359.5,3323.0,0.0,3329.0,2535,29415,3330.0,3329.0,9,1,3834.0,2834.0,1.0,2022-05-19 08:04:41
2022-05-19 21:04:42,2022-05-20,2022-05-19 21:04:42.463,J,Fut0_J2209,3334.0,3359.5,3323.0,0.0,3330.0,2550,29412,3330.0,3329.0,3,1,3834.0,2834.0,1.0,2022-05-19 08:04:42
2022-05-19 21:04:43,2022-05-20,2022-05-19 21:04:43.565,J,Fut0_J2209,3334.0,3359.5,3323.0,0.0,3329.0,2558,29412,3329.0,3328.0,10,2,3834.0,2834.0,1.0,2022-05-19 08:04:43
2022-05-19 21:04:44,2022-05-20,2022-05-19 21:04:44.584,J,Fut0_J2209,3334.0,3359.5,3323.0,0.0,3329.0,2561,29410,3329.0,3328.0,8,2,3834.0,2834.0,1.0,2022-05-19 08:04:44
2022-05-19 21:04:45,2022-05-20,2022-05-19 21:04:45.429,J,Fut0_J2209,3334.0,3359.5,3323.0,0.0,3328.0,2567,29409,3329.0,3327.5,7,7,3834.0,2834.0,1.0,2022-05-19 08:04:45
2022-05-19 21:04:46,2022-05-20,2022-05-19 21:04:46.428,J,Fut0_J2209,3334.0,3359.5,3323.0,0.0,3329.0,2576,29409,3329.5,3328.0,1,1,3834.0,2834.0,1.0,2022-05-19 08:04:46
2022-05-19 21:04:47,2022-05-20,2022-05-19 21:04:47.572,J,Fut0_J2209,3334.0,3359.5,3323.0,0.0,3329.0,2584,29406,3330.0,3328.0,3,5,3834.0,2834.0,1.0,2022-05-19 08:04:47
2022-05-19 21:04:48,2022-05-20,2022-05-19 21:04:48.940,J,Fut0_J2209,3334.0,3359.5,3323.0,0.0,3329.5,2593,29405,3329.5,3328.0,2,2,3834.0,2834.0,1.0,2022-05-19 08:04:48
2022-05-19 21:04:49,2022-05-20,2022-05-19 21:04:49.456,J,Fut0_J2209,3334.0,3359.5,3323.0,0.0,3328.5,2595,29404,3329.0,3327.5,3,6,3834.0,2834.0,1.0,2022-05-19 08:04:49
2022-05-19 21:04:50,2022-05-20,2022-05-19 21:04:50.492,J,Fut0_J2209,3334.0,3359.5,3323.0,0.0,3330.5,2605,29408,3329.5,3328.0,1,4,3834.0,2834.0,1.0,2022-05-19 08:04:50
2022-05-19 21:04:51,2022-05-20,2022-05-19 21:04:51.631,J,Fut0_J2209,3334.0,3359.5,3323.0,0.0,3328.5,2612,29411,3328.5,3328.0,1,1,3834.0,2834.0,1.0,2022-05-19 08:04:51
2022-05-19 21:04:52,2022-05-20,2022-05-19 21:04:52.529,J,Fut0_J2209,3334.0,3359.5,3323.0,0.0,3328.5,2613,29410,3328.0,3327.5,8,4,3834.0,2834.0,1.0,2022-05-19 08:04:52
2022-05-19 21:04:53,2022-05-20,2022-05-19 21:04:53.602,J,Fut0_J2209,3334.0,3359.5,3323.0,0.0,3328.0,2624,29410,3328.0,3327.0,6,4,3834.0,2834.0,1.0,2022-05-19 08:04:53
2022-05-19 21:04:54,2022-05-20,2022-05-19 21:04:54.574,J,Fut0_J2209,3334.0,3359.5,3323.0,0.0,3328.0,2630,29415,3328.0,3327.0,6,3,3834.0,2834.0,1.0,2022-05-19 08:04:54
2022-05-19 21:04:55,2022-05-20,2022-05-19 21:04:55.645,J,Fut0_J2209,3334.0,3359.5,3323.0,0.0,3328.5,2639,29416,3330.0,3328.0,3,4,3834.0,2834.0,1.0,2022-05-19 08:04:55
2022-05-19 21:04:56,2022-05-20,2022-05-19 21:04:56.641,J,Fut0_J2209,3334.0,3359.5,3323.0,0.0,3328.0,2640,29415,3329.5,3328.0,1,3,3834.0,2834.0,1.0,2022-05-19 08:04:56
2022-05-19 21:04:57,2022-05-20,2022-05-19 21:04:57.511,J,Fut0_J2209,3334.0,3359.5,3323.0,0.0,3328.0,2649,29413,3328.0,3327.0,4,3,3834.0,2834.0,1.0,2022-05-19 08:04:57
2022-05-19 21:04:58,2022-05-20,2022-05-19 21:04:58.415,J,Fut0_J2209,3334.0,3359.5,3323.0,0.0,3328.0,2649,29413,3328.0,3327.5,4,1,3834.0,2834.0,1.0,2022-05-19 08:04:58
2022-05-19 21:04:59,2022-05-20,2022-05-19 21:04:59.972,J,Fut0_J2209,3334.0,3359.5,3323.0,0.0,3328.0,2657,29405,3327.5,3327.0,1,5,3834.0,2834.0,1.0,2022-05-19 08:04:59
2022-05-19 21:05:00,2022-05-20,2022-05-19 21:05:00.604,J,Fut0_J2209,3334.0,3359.5,3323.0,0.0,3326.5,2666,29405,3327.5,3326.5,2,1,3834.0,2834.0,1.0,2022-05-19 08:05:00
2022-05-19 21:05:01,2022-05-20,2022-05-19 21:05:01.926,J,Fut0_J2209,3334.0,3359.5,3323.0,0.0,3327.0,2683,29406,3329.0,3327.0,1,1,3834.0,2834.0,1.0,2022-05-19 08:05:01
2022-05-19 21:05:02,2022-05-20,2022-05-19 21:05:02.589,J,Fut0_J2209,3334.0,3359.5,3323.0,0.0,3328.0,2685,29407,3328.5,3326.0,1,1,3834.0,2834.0,1.0,2022-05-19 08:05:02
2022-05-19 21:05:03,2022-05-20,2022-05-19 21:05:03.919,J,Fut0_J2209,3334.0,3359.5,3323.0,0.0,3327.5,2688,29406,3328.5,3328.0,1,1,3834.0,2834.0,1.0,2022-05-19 08:05:03
2022-05-19 21:05:04,2022-05-20,2022-05-19 21:05:04.527,J,Fut0_J2209,3334.0,3359.5,3323.0,0.0,3328.0,2690,29405,3329.0,3327.0,1,3,3834.0,2834.0,1.0,2022-05-19 08:05:04
2022-05-19 21:05:05,2022-05-20,2022-05-19 21:05:05.588,J,Fut0_J2209,3334.0,3359.5,3323.0,0.0,3327.5,2694,29407,3327.5,3327.0,4,3,3834.0,2834.0,1.0,2022-05-19 08:05:05
2022-05-19 21:05:06,2022-05-20,2022-05-19 21:05:06.975,J,Fut0_J2209,3334.0,3359.5,3323.0,0.0,3326.5,2713,29409,3328.5,3327.0,2,2,3834.0,2834.0,1.0,2022-05-19 08:05:06
2022-05-19 21:05:07,2022-05-20,2022-05-19 21:05:07.996,J,Fut0_J2209,3334.0,3359.5,3323.0,0.0,3326.5,2745,29393,3328.5,3326.0,2,4,3834.0,2834.0,1.0,2022-05-19 08:05:07
2022-05-19 21:05:08,2022-05-20,2022-05-19 21:05:08.609,J,Fut0_J2209,3334.0,3359.5,3323.0,0.0,3326.5,2745,29393,3328.5,3327.0,2,2,3834.0,2834.0,1.0,2022-05-19 08:05:08
2022-05-19 21:05:09,2022-05-20,2022-05-19 21:05:09.935,J,Fut0_J2209,3334.0,3359.5,3323.0,0.0,3328.5,2748,29392,3328.5,3328.0,9,1,3834.0,2834.0,1.0,2022-05-19 08:05:09
2022-05-19 21:05:10,2022-05-20,2022-05-19 21:05:10.600,J,Fut0_J2209,3334.0,3359.5,3323.0,0.0,3328.5,2748,29392,3328.5,3328.0,10,1,3834.0,2834.0,1.0,2022-05-19 08:05:10
2022-05-19 21:05:11,2022-05-20,2022-05-19 21:05:11.532,J,Fut0_J2209,3334.0,3359.5,3323.0,0.0,3328.0,2751,29391,3328.5,3327.5,9,1,3834.0,2834.0,1.0,2022-05-19 08:05:11
2022-05-19 21:05:12,2022-05-20,2022-05-19 21:05:12.550,J,Fut0_J2209,3334.0,3359.5,3323.0,0.0,3328.0,2754,29389,3328.5,3328.0,8,2,3834.0,2834.0,1.0,2022-05-19 08:05:12
2022-05-19 21:05:13,2022-05-20,2022-05-19 21:05:13.619,J,Fut0_J2209,3334.0,3359.5,3323.0,0.0,3328.0,2767,29383,3328.5,3327.0,5,1,3834.0,2834.0,1.0,2022-05-19 08:05:13
2022-05-19 21:05:14,2022-05-20,2022-05-19 21:05:14.609,J,Fut0_J2209,3334.0,3359.5,3323.0,0.0,3328.5,2777,29380,3330.0,3329.0,2,1,3834.0,2834.0,1.0,2022-05-19 08:05:14
2022-05-19 21:05:15,2022-05-20,2022-05-19 21:05:15.928,J,Fut0_J2209,3334.0,3359.5,3323.0,0.0,3331.0,2786,29384,3331.0,3330.5,1,2,3834.0,2834.0,1.0,2022-05-19 08:05:15
2022-05-19 21:05:16,2022-05-20,2022-05-19 21:05:16.563,J,Fut0_J2209,3334.0,3359.5,3323.0,0.0,3331.0,2788,29384,3331.5,3330.0,1,4,3834.0,2834.0,1.0,2022-05-19 08:05:16
2022-05-19 21:05:17,2022-05-20,2022-05-19 21:05:17.619,J,Fut0_J2209,3334.0,3359.5,3323.0,0.0,3331.5,2791,29386,3331.5,3331.0,1,1,3834.0,2834.0,1.0,2022-05-19 08:05:17
2022-05-19 21:05:18,2022-05-20,2022-05-19 21:05:18.556,J,Fut0_J2209,3334.0,3359.5,3323.0,0.0,3331.5,2794,29386,3332.0,3330.0,3,10,3834.0,2834.0,1.0,2022-05-19 08:05:18
2022-05-19 21:05:19,2022-05-20,2022-05-19 21:05:19.491,J,Fut0_J2209,3334.0,3359.5,3323.0,0.0,3331.5,2796,29386,3332.0,3331.5,3,2,3834.0,2834.0,1.0,2022-05-19 08:05:19
2022-05-19 21:05:20,2022-05-20,2022-05-19 21:05:20.570,J,Fut0_J2209,3334.0,3359.5,3323.0,0.0,3331.5,2800,29389,3332.0,3330.0,3,10,3834.0,2834.0,1.0,2022-05-19 08:05:20
2022-05-19 21:05:21,2022-05-20,2022-05-19 21:05:21.445,J,Fut0_J2209,3334.0,3359.5,3323.0,0.0,3332.0,2804,29389,3332.0,3330.0,1,10,3834.0,2834.0,1.0,2022-05-19 08:05:21
2022-05-19 21:05:22,2022-05-20,2022-05-19 21:05:22.861,J,Fut0_J2209,3334.0,3359.5,3323.0,0.0,3332.0,2813,29387,3331.5,3330.0,1,8,3834.0,2834.0,1.0,2022-05-19 08:05:22
2022-05-19 21:05:23,2022-05-20,2022-05-19 21:05:23.591,J,Fut0_J2209,3334.0,3359.5,3323.0,0.0,3331.5,2815,29388,3332.0,3331.5,4,5,3834.0,2834.0,1.0,2022-05-19 08:05:23
2022-05-19 21:05:24,2022-05-20,2022-05-19 21:05:24.096,J,Fut0_J2209,3334.0,3359.5,3323.0,0.0,3332.0,2816,29388,3332.0,3331.5,3,5,3834.0,2834.0,1.0,2022-05-19 08:05:24
2022-05-19 21:05:25,2022-05-20,2022-05-19 21:05:25.985,J,Fut0_J2209,3334.0,3359.5,3323.0,0.0,3332.0,2824,29383,3332.5,3331.5,1,6,3834.0,2834.0,1.0,2022-05-19 08:05:25
2022-05-19 21:05:26,2022-05-20,2022-05-19 21:05:26.205,J,Fut0_J2209,3334.0,3359.5,3323.0,0.0,3332.0,2824,29383,3332.5,3331.5,2,6,3834.0,2834.0,1.0,2022-05-19 08:05:26
2022-05-19 21:05:27,2022-05-20,2022-05-19 21:05:27.700,J,Fut0_J2209,3334.0,3359.5,3323.0,0.0,3332.5,2827,29380,3334.0,3332.5,3,1,3834.0,2834.0,1.0,2022-05-19 08:05:27
2022-05-19 21:05:28,2022-05-20,2022-05-19 21:05:28.868,J,Fut0_J2209,3334.0,3359.5,3323.0,0.0,3334.0,2832,29379,3334.0,3333.0,1,1,3834.0,2834.0,1.0,2022-05-19 08:05:28
2022-05-19 21:05:30,2022-05-20,2022-05-19 21:05:30.625,J,Fut0_J2209,3334.0,3359.5,3323.0,0.0,3333.5,2835,29379,3334.0,3332.5,1,1,3834.0,2834.0,1.0,2022-05-19 08:05:30
2022-05-19 21:05:31,2022-05-20,2022-05-19 21:05:31.639,J,Fut0_J2209,3334.0,3359.5,3323.0,0.0,3333.0,2837,29378,3334.5,3333.0,2,2,3834.0,2834.0,1.0,2022-05-19 08:05:31
2022-05-19 21:05:32,2022-05-20,2022-05-19 21:05:32.483,J,Fut0_J2209,3334.0,3359.5,3323.0,0.0,3332.5,2838,29378,3333.5,3332.5,2,1,3834.0,2834.0,1.0,2022-05-19 08:05:32
2022-05-19 21:05:33,2022-05-20,2022-05-19 21:05:33.935,J,Fut0_J2209,3334.0,3359.5,3323.0,0.0,3334.5,2842,29377,3334.0,3332.5,1,1,3834.0,2834.0,1.0,2022-05-19 08:05:33
2022-05-19 21:05:35,2022-05-20,2022-05-19 21:05:35.921,J,Fut0_J2209,3334.0,3359.5,3323.0,0.0,3334.0,2854,29370,3334.5,3334.0,2,1,3834.0,2834.0,1.0,2022-05-19 08:05:35
2022-05-19 21:05:36,2022-05-20,2022-05-19 21:05:36.934,J,Fut0_J2209,3334.0,3359.5,3323.0,0.0,3332.5,2863,29368,3333.5,3332.0,3,4,3834.0,2834.0,1.0,2022-05-19 08:05:36
2022-05-19 21:05:37,2022-05-20,2022-05-19 21:05:37.820,J,Fut0_J2209,3334.0,3359.5,3323.0,0.0,3334.5,2872,29365,3334.5,3333.0,3,1,3834.0,2834.0,1.0,2022-05-19 08:05:37
2022-05-19 21:05:38,2022-05-20,2022-05-19 21:05:38.327,J,Fut0_J2209,3334.0,3359.5,3323.0,0.0,3334.5,2872,29365,3334.5,3333.0,5,1,3834.0,2834.0,1.0,2022-05-19 08:05:38
2022-05-19 21:05:39,2022-05-20,2022-05-19 21:05:39.978,J,Fut0_J2209,3334.0,3359.5,3323.0,0.0,3334.5,2873,29366,3334.0,3333.0,1,1,3834.0,2834.0,1.0,2022-05-19 08:05:39
2022-05-19 21:05:40,2022-05-20,2022-05-19 21:05:40.479,J,Fut0_J2209,3334.0,3359.5,3323.0,0.0,3333.0,2875,29365,3334.5,3332.0,3,4,3834.0,2834.0,1.0,2022-05-19 08:05:40
2022-05-19 21:05:41,2022-05-20,2022-05-19 21:05:41.441,J,Fut0_J2209,3334.0,3359.5,3323.0,0.0,3333.0,2875,29365,3333.0,3332.5,1,1,3834.0,2834.0,1.0,2022-05-19 08:05:41
2022-05-19 21:05:42,2022-05-20,2022-05-19 21:05:42.533,J,Fut0_J2209,3334.0,3359.5,3323.0,0.0,3332.5,2876,29364,3333.0,3332.0,2,4,3834.0,2834.0,1.0,2022-05-19 08:05:42
2022-05-19 21:05:43,2022-05-20,2022-05-19 21:05:43.152,J,Fut0_J2209,3334.0,3359.5,3323.0,0.0,3333.0,2879,29364,3334.5,3333.0,6,1,3834.0,2834.0,1.0,2022-05-19 08:05:43
2022-05-19 21:05:44,2022-05-20,2022-05-19 21:05:44.569,J,Fut0_J2209,3334.0,3359.5,3323.0,0.0,3333.0,2879,29364,3334.5,3333.0,7,4,3834.0,2834.0,1.0,2022-05-19 08:05:44
2022-05-19 21:05:45,2022-05-20,2022-05-19 21:05:45.923,J,Fut0_J2209,3334.0,3359.5,3323.0,0.0,3333.5,2885,29363,3334.5,3334.0,1,1,3834.0,2834.0,1.0,2022-05-19 08:05:45
2022-05-19 21:05:46,2022-05-20,2022-05-19 21:05:46.519,J,Fut0_J2209,3334.0,3359.5,3323.0,0.0,3334.5,2888,29361,3335.0,3334.0,2,1,3834.0,2834.0,1.0,2022-05-19 08:05:46
2022-05-19 21:05:47,2022-05-20,2022-05-19 21:05:47.818,J,Fut0_J2209,3334.0,3359.5,3323.0,0.0,3334.0,2891,29361,3335.0,3333.5,4,1,3834.0,2834.0,1.0,2022-05-19 08:05:47
2022-05-19 21:05:48,2022-05-20,2022-05-19 21:05:48.585,J,Fut0_J2209,3334.0,3359.5,3323.0,0.0,3333.5,2892,29362,3334.0,3333.0,1,8,3834.0,2834.0,1.0,2022-05-19 08:05:48
2022-05-19 21:05:49,2022-05-20,2022-05-19 21:05:49.483,J,Fut0_J2209,3334.0,3359.5,3323.0,0.0,3334.0,2894,29360,3334.5,3333.0,2,9,3834.0,2834.0,1.0,2022-05-19 08:05:49
2022-05-19 21:05:50,2022-05-20,2022-05-19 21:05:50.920,J,Fut0_J2209,3334.0,3359.5,3323.0,0.0,3334.0,2896,29360,3334.5,3333.5,2,1,3834.0,2834.0,1.0,2022-05-19 08:05:50
2022-05-19 21:05:51,2022-05-20,2022-05-19 21:05:51.807,J,Fut0_J2209,3334.0,3359.5,3323.0,0.0,3333.5,2897,29360,3334.5,3333.0,2,8,3834.0,2834.0,1.0,2022-05-19 08:05:51
2022-05-19 21:05:52,2022-05-20,2022-05-19 21:05:52.543,J,Fut0_J2209,3334.0,3359.5,3323.0,0.0,3333.5,2897,29360,3334.5,3334.0,2,5,3834.0,2834.0,1.0,2022-05-19 08:05:52
2022-05-19 21:05:53,2022-05-20,2022-05-19 21:05:53.398,J,Fut0_J2209,3334.0,3359.5,3323.0,0.0,3333.5,2898,29360,3334.5,3334.0,4,4,3834.0,2834.0,1.0,2022-05-19 08:05:53
2022-05-19 21:05:54,2022-05-20,2022-05-19 21:05:54.914,J,Fut0_J2209,3334.0,3359.5,3323.0,0.0,3334.5,2903,29362,3334.5,3334.0,1,3,3834.0,2834.0,1.0,2022-05-19 08:05:54
2022-05-19 21:05:55,2022-05-20,2022-05-19 21:05:55.980,J,Fut0_J2209,3334.0,3359.5,3323.0,0.0,3337.0,2920,29372,3337.0,3336.0,1,6,3834.0,2834.0,1.0,2022-05-19 08:05:55
2022-05-19 21:05:56,2022-05-20,2022-05-19 21:05:56.551,J,Fut0_J2209,3334.0,3359.5,3323.0,0.0,3336.0,2926,29373,3337.0,3336.0,1,2,3834.0,2834.0,1.0,2022-05-19 08:05:56
2022-05-19 21:05:57,2022-05-20,2022-05-19 21:05:57.486,J,Fut0_J2209,3334.0,3359.5,3323.0,0.0,3336.5,2931,29372,3337.5,3337.0,2,4,3834.0,2834.0,1.0,2022-05-19 08:05:57
2022-05-19 21:05:58,2022-05-20,2022-05-19 21:05:58.600,J,Fut0_J2209,3334.0,3359.5,3323.0,0.0,3337.0,2938,29370,3337.0,3334.5,2,13,3834.0,2834.0,1.0,2022-05-19 08:05:58
2022-05-19 21:05:59,2022-05-20,2022-05-19 21:05:59.456,J,Fut0_J2209,3334.0,3359.5,3323.0,0.0,3336.0,2945,29369,3337.0,3335.5,1,2,3834.0,2834.0,1.0,2022-05-19 08:05:59
2022-05-19 21:06:00,2022-05-20,2022-05-19 21:06:00.925,J,Fut0_J2209,3334.0,3359.5,3323.0,0.0,3336.0,2949,29369,3337.5,3336.0,2,1,3834.0,2834.0,1.0,2022-05-19 08:06:00
2022-05-19 21:06:01,2022-05-20,2022-05-19 21:06:01.550,J,Fut0_J2209,3334.0,3359.5,3323.0,0.0,3336.5,2951,29369,3336.5,3336.0,1,3,3834.0,2834.0,1.0,2022-05-19 08:06:01
2022-05-19 21:06:02,2022-05-20,2022-05-19 21:06:02.997,J,Fut0_J2209,3334.0,3359.5,3323.0,0.0,3336.0,2957,29369,3336.0,3335.0,1,1,3834.0,2834.0,1.0,2022-05-19 08:06:02
2022-05-19 21:06:03,2022-05-20,2022-05-19 21:06:03.920,J,Fut0_J2209,3334.0,3359.5,3323.0,0.0,3335.0,2958,29369,3335.0,3334.5,2,12,3834.0,2834.0,1.0,2022-05-19 08:06:03
2022-05-19 21:06:04,2022-05-20,2022-05-19 21:06:04.618,J,Fut0_J2209,3334.0,3359.5,3323.0,0.0,3334.5,2971,29363,3334.5,3334.0,7,3,3834.0,2834.0,1.0,2022-05-19 08:06:04
2022-05-19 21:06:05,2022-05-20,2022-05-19 21:06:05.622,J,Fut0_J2209,3334.0,3359.5,3323.0,0.0,3333.0,2996,29362,3332.5,3332.0,1,6,3834.0,2834.0,1.0,2022-05-19 08:06:05
2022-05-19 21:06:06,2022-05-20,2022-05-19 21:06:06.604,J,Fut0_J2209,3334.0,3359.5,3323.0,0.0,3332.0,3018,29357,3332.0,3331.5,3,1,3834.0,2834.0,1.0,2022-05-19 08:06:06
2022-05-19 21:06:07,2022-05-20,2022-05-19 21:06:07.512,J,Fut0_J2209,3334.0,3359.5,3323.0,0.0,3332.0,3022,29355,3332.0,3330.5,4,2,3834.0,2834.0,1.0,2022-05-19 08:06:07
2022-05-19 21:06:08,2022-05-20,2022-05-19 21:06:08.516,J,Fut0_J2209,3334.0,3359.5,3323.0,0.0,3332.0,3023,29355,3332.0,3330.5,3,2,3834.0,2834.0,1.0,2022-05-19 08:06:08
2022-05-19 21:06:09,2022-05-20,2022-05-19 21:06:09.867,J,Fut0_J2209,3334.0,3359.5,3323.0,0.0,3331.0,3030,29359,3331.5,3330.0,2,8,3834.0,2834.0,1.0,2022-05-19 08:06:09
2022-05-19 21:06:10,2022-05-20,2022-05-19 21:06:10.922,J,Fut0_J2209,3334.0,3359.5,3323.0,0.0,3331.5,3031,29358,3331.5,3330.0,1,8,3834.0,2834.0,1.0,2022-05-19 08:06:10
2022-05-19 21:06:11,2022-05-20,2022-05-19 21:06:11.921,J,Fut0_J2209,3334.0,3359.5,3323.0,0.0,3331.5,3033,29356,3332.5,3332.0,3,1,3834.0,2834.0,1.0,2022-05-19 08:06:11
2022-05-19 21:06:13,2022-05-20,2022-05-19 21:06:13.400,J,Fut0_J2209,3334.0,3359.5,3323.0,0.0,3332.0,3039,29359,3333.5,3331.5,1,3,3834.0,2834.0,1.0,2022-05-19 08:06:13
2022-05-19 21:06:14,2022-05-20,2022-05-19 21:06:14.642,J,Fut0_J2209,3334.0,3359.5,3323.0,0.0,3332.0,3039,29359,3333.5,3331.5,2,3,3834.0,2834.0,1.0,2022-05-19 08:06:14
2022-05-19 21:06:15,2022-05-20,2022-05-19 21:06:15.459,J,Fut0_J2209,3334.0,3359.5,3323.0,0.0,3333.5,3040,29359,3333.0,3331.5,2,3,3834.0,2834.0,1.0,2022-05-19 08:06:15
2022-05-19 21:06:16,2022-05-20,2022-05-19 21:06:16.179,J,Fut0_J2209,3334.0,3359.5,3323.0,0.0,3331.5,3043,29360,3333.0,3331.0,2,1,3834.0,2834.0,1.0,2022-05-19 08:06:16
2022-05-19 21:06:17,2022-05-20,2022-05-19 21:06:17.089,J,Fut0_J2209,3334.0,3359.5,3323.0,0.0,3331.5,3043,29360,3332.5,3330.5,1,2,3834.0,2834.0,1.0,2022-05-19 08:06:17
2022-05-19 21:06:18,2022-05-20,2022-05-19 21:06:18.759,J,Fut0_J2209,3334.0,3359.5,3323.0,0.0,3330.5,3044,29359,3331.5,3330.5,4,2,3834.0,2834.0,1.0,2022-05-19 08:06:18
2022-05-19 21:06:19,2022-05-20,2022-05-19 21:06:19.613,J,Fut0_J2209,3334.0,3359.5,3323.0,0.0,3330.5,3047,29358,3330.5,3330.0,2,9,3834.0,2834.0,1.0,2022-05-19 08:06:19
2022-05-19 21:06:20,2022-05-20,2022-05-19 21:06:20.008,J,Fut0_J2209,3334.0,3359.5,3323.0,0.0,3330.5,3049,29358,3331.5,3330.5,4,1,3834.0,2834.0,1.0,2022-05-19 08:06:20
2022-05-19 21:06:21,2022-05-20,2022-05-19 21:06:21.982,J,Fut0_J2209,3334.0,3359.5,3323.0,0.0,3330.5,3070,29350,3330.5,3328.5,1,10,3834.0,2834.0,1.0,2022-05-19 08:06:21
2022-05-19 21:06:22,2022-05-20,2022-05-19 21:06:22.993,J,Fut0_J2209,3334.0,3359.5,3323.0,0.0,3329.0,3073,29352,3330.0,3328.5,8,10,3834.0,2834.0,1.0,2022-05-19 08:06:22
2022-05-19 21:06:23,2022-05-20,2022-05-19 21:06:23.462,J,Fut0_J2209,3334.0,3359.5,3323.0,0.0,3328.5,3075,29351,3330.0,3328.5,8,1,3834.0,2834.0,1.0,2022-05-19 08:06:23
2022-05-19 21:06:24,2022-05-20,2022-05-19 21:06:24.836,J,Fut0_J2209,3334.0,3359.5,3323.0,0.0,3329.5,3078,29351,3329.5,3328.0,1,1,3834.0,2834.0,1.0,2022-05-19 08:06:24
2022-05-19 21:06:26,2022-05-20,2022-05-19 21:06:26.645,J,Fut0_J2209,3334.0,3359.5,3323.0,0.0,3328.0,3087,29347,3330.0,3327.5,13,2,3834.0,2834.0,1.0,2022-05-19 08:06:26
2022-05-19 21:06:27,2022-05-20,2022-05-19 21:06:27.293,J,Fut0_J2209,3334.0,3359.5,3323.0,0.0,3328.0,3088,29348,3328.0,3327.5,6,2,3834.0,2834.0,1.0,2022-05-19 08:06:27
2022-05-19 21:06:28,2022-05-20,2022-05-19 21:06:28.422,J,Fut0_J2209,3334.0,3359.5,3323.0,0.0,3327.0,3093,29348,3327.0,3326.5,1,6,3834.0,2834.0,1.0,2022-05-19 08:06:28
2022-05-19 21:06:29,2022-05-20,2022-05-19 21:06:29.618,J,Fut0_J2209,3334.0,3359.5,3323.0,0.0,3324.5,3129,29364,3326.5,3324.0,9,2,3834.0,2834.0,1.0,2022-05-19 08:06:29
2022-05-19 21:06:30,2022-05-20,2022-05-19 21:06:30.591,J,Fut0_J2209,3334.0,3359.5,3323.0,0.0,3324.0,3131,29364,3325.5,3324.5,1,2,3834.0,2834.0,1.0,2022-05-19 08:06:30
2022-05-19 21:06:31,2022-05-20,2022-05-19 21:06:31.570,J,Fut0_J2209,3334.0,3359.5,3323.0,0.0,3325.0,3134,29364,3325.5,3325.0,1,3,3834.0,2834.0,1.0,2022-05-19 08:06:31
2022-05-19 21:06:32,2022-05-20,2022-05-19 21:06:32.591,J,Fut0_J2209,3334.0,3359.5,3323.0,0.0,3326.5,3138,29364,3327.5,3326.5,24,1,3834.0,2834.0,1.0,2022-05-19 08:06:32
2022-05-19 21:06:33,2022-05-20,2022-05-19 21:06:33.624,J,Fut0_J2209,3334.0,3359.5,3323.0,0.0,3327.5,3142,29364,3327.5,3326.0,23,5,3834.0,2834.0,1.0,2022-05-19 08:06:33
2022-05-19 21:06:34,2022-05-20,2022-05-19 21:06:34.646,J,Fut0_J2209,3334.0,3359.5,3323.0,0.0,3328.0,3159,29360,3330.0,3328.0,13,3,3834.0,2834.0,1.0,2022-05-19 08:06:34
2022-05-19 21:06:35,2022-05-20,2022-05-19 21:06:35.612,J,Fut0_J2209,3334.0,3359.5,3323.0,0.0,3328.0,3162,29359,3328.5,3327.0,1,4,3834.0,2834.0,1.0,2022-05-19 08:06:35
2022-05-19 21:06:36,2022-05-20,2022-05-19 21:06:36.600,J,Fut0_J2209,3334.0,3359.5,3323.0,0.0,3327.5,3164,29358,3328.0,3327.5,1,1,3834.0,2834.0,1.0,2022-05-19 08:06:36
2022-05-19 21:06:37,2022-05-20,2022-05-19 21:06:37.562,J,Fut0_J2209,3334.0,3359.5,3323.0,0.0,3326.0,3171,29355,3327.0,3326.0,2,2,3834.0,2834.0,1.0,2022-05-19 08:06:37
2022-05-19 21:06:38,2022-05-20,2022-05-19 21:06:38.925,J,Fut0_J2209,3334.0,3359.5,3323.0,0.0,3327.0,3183,29352,3327.5,3327.0,3,5,3834.0,2834.0,1.0,2022-05-19 08:06:38
2022-05-19 21:06:39,2022-05-20,2022-05-19 21:06:39.196,J,Fut0_J2209,3334.0,3359.5,3323.0,0.0,3327.0,3183,29352,3327.5,3327.0,3,6,3834.0,2834.0,1.0,2022-05-19 08:06:39
2022-05-19 21:06:40,2022-05-20,2022-05-19 21:06:40.996,J,Fut0_J2209,3334.0,3359.5,3323.0,0.0,3325.0,3220,29361,3325.0,3323.5,1,2,3834.0,2834.0,1.0,2022-05-19 08:06:40
2022-05-19 21:06:41,2022-05-20,2022-05-19 21:06:41.437,J,Fut0_J2209,3334.0,3359.5,3323.0,0.0,3325.5,3225,29359,3325.5,3325.0,1,1,3834.0,2834.0,1.0,2022-05-19 08:06:41
2022-05-19 21:06:42,2022-05-20,2022-05-19 21:06:42.614,J,Fut0_J2209,3334.0,3359.5,3323.0,0.0,3325.5,3228,29361,3325.5,3324.0,1,1,3834.0,2834.0,1.0,2022-05-19 08:06:42
2022-05-19 21:06:43,2022-05-20,2022-05-19 21:06:43.575,J,Fut0_J2209,3334.0,3359.5,3323.0,0.0,3324.0,3235,29360,3325.5,3323.5,3,2,3834.0,2834.0,1.0,2022-05-19 08:06:43
2022-05-19 21:06:44,2022-05-20,2022-05-19 21:06:44.461,J,Fut0_J2209,3334.0,3359.5,3323.0,0.0,3323.5,3242,29358,3323.5,3323.0,6,3,3834.0,2834.0,1.0,2022-05-19 08:06:44
2022-05-19 21:06:45,2022-05-20,2022-05-19 21:06:45.648,J,Fut0_J2209,3334.0,3359.5,3323.0,0.0,3323.0,3246,29359,3323.5,3323.0,8,4,3834.0,2834.0,1.0,2022-05-19 08:06:45
2022-05-19 21:06:46,2022-05-20,2022-05-19 21:06:46.574,J,Fut0_J2209,3334.0,3359.5,3322.5,0.0,3323.0,3257,29355,3323.5,3323.0,3,1,3834.0,2834.0,1.0,2022-05-19 08:06:46
2022-05-19 21:06:47,2022-05-20,2022-05-19 21:06:47.631,J,Fut0_J2209,3334.0,3359.5,3322.5,0.0,3324.5,3263,29359,3325.0,3323.5,11,3,3834.0,2834.0,1.0,2022-05-19 08:06:47
2022-05-19 21:06:48,2022-05-20,2022-05-19 21:06:48.529,J,Fut0_J2209,3334.0,3359.5,3322.5,0.0,3324.0,3272,29361,3324.0,3323.5,13,2,3834.0,2834.0,1.0,2022-05-19 08:06:48
2022-05-19 21:06:49,2022-05-20,2022-05-19 21:06:49.579,J,Fut0_J2209,3334.0,3359.5,3322.5,0.0,3323.5,3278,29362,3323.5,3323.0,1,4,3834.0,2834.0,1.0,2022-05-19 08:06:49
2022-05-19 21:06:50,2022-05-20,2022-05-19 21:06:50.743,J,Fut0_J2209,3334.0,3359.5,3322.5,0.0,3324.0,3285,29358,3324.0,3323.0,11,4,3834.0,2834.0,1.0,2022-05-19 08:06:50
2022-05-19 21:06:51,2022-05-20,2022-05-19 21:06:51.646,J,Fut0_J2209,3334.0,3359.5,3322.5,0.0,3323.5,3288,29360,3324.0,3323.0,12,5,3834.0,2834.0,1.0,2022-05-19 08:06:51
2022-05-19 21:06:52,2022-05-20,2022-05-19 21:06:52.631,J,Fut0_J2209,3334.0,3359.5,3322.5,0.0,3322.5,3303,29367,3322.5,3322.0,3,8,3834.0,2834.0,1.0,2022-05-19 08:06:52
2022-05-19 21:06:53,2022-05-20,2022-05-19 21:06:53.888,J,Fut0_J2209,3334.0,3359.5,3322.5,0.0,3322.5,3311,29365,3323.0,3322.0,3,8,3834.0,2834.0,1.0,2022-05-19 08:06:53
2022-05-19 21:06:54,2022-05-20,2022-05-19 21:06:54.551,J,Fut0_J2209,3334.0,3359.5,3322.5,0.0,3322.5,3311,29365,3322.5,3322.0,3,8,3834.0,2834.0,1.0,2022-05-19 08:06:54
2022-05-19 21:06:55,2022-05-20,2022-05-19 21:06:55.645,J,Fut0_J2209,3334.0,3359.5,3322.0,0.0,3322.0,3321,29366,3322.0,3321.5,3,6,3834.0,2834.0,1.0,2022-05-19 08:06:55
2022-05-19 21:06:56,2022-05-20,2022-05-19 21:06:56.627,J,Fut0_J2209,3334.0,3359.5,3321.0,0.0,3322.5,3338,29365,3323.0,3322.0,3,1,3834.0,2834.0,1.0,2022-05-19 08:06:56
2022-05-19 21:06:57,2022-05-20,2022-05-19 21:06:57.537,J,Fut0_J2209,3334.0,3359.5,3321.0,0.0,3321.5,3342,29365,3321.5,3321.0,4,2,3834.0,2834.0,1.0,2022-05-19 08:06:57
2022-05-19 21:06:58,2022-05-20,2022-05-19 21:06:58.650,J,Fut0_J2209,3334.0,3359.5,3321.0,0.0,3321.5,3346,29367,3321.5,3320.5,2,3,3834.0,2834.0,1.0,2022-05-19 08:06:58
2022-05-19 21:06:59,2022-05-20,2022-05-19 21:06:59.989,J,Fut0_J2209,3334.0,3359.5,3320.5,0.0,3321.5,3354,29366,3322.0,3320.5,10,1,3834.0,2834.0,1.0,2022-05-19 08:06:59
2022-05-19 21:07:00,2022-05-20,2022-05-19 21:07:00.580,J,Fut0_J2209,3334.0,3359.5,3320.5,0.0,3321.5,3354,29366,3321.5,3320.5,1,2,3834.0,2834.0,1.0,2022-05-19 08:07:00
2022-05-19 21:07:01,2022-05-20,2022-05-19 21:07:01.651,J,Fut0_J2209,3334.0,3359.5,3320.0,0.0,3320.5,3366,29369,3321.0,3320.0,2,15,3834.0,2834.0,1.0,2022-05-19 08:07:01
2022-05-19 21:07:02,2022-05-20,2022-05-19 21:07:02.914,J,Fut0_J2209,3334.0,3359.5,3318.5,0.0,3318.5,3390,29362,3319.5,3318.5,1,2,3834.0,2834.0,1.0,2022-05-19 08:07:02
2022-05-19 21:07:03,2022-05-20,2022-05-19 21:07:03.572,J,Fut0_J2209,3334.0,3359.5,3318.5,0.0,3318.5,3396,29366,3318.5,3318.0,1,5,3834.0,2834.0,1.0,2022-05-19 08:07:03
2022-05-19 21:07:04,2022-05-20,2022-05-19 21:07:04.587,J,Fut0_J2209,3334.0,3359.5,3318.0,0.0,3318.0,3402,29369,3320.0,3318.5,11,1,3834.0,2834.0,1.0,2022-05-19 08:07:04
2022-05-19 21:07:05,2022-05-20,2022-05-19 21:07:05.645,J,Fut0_J2209,3334.0,3359.5,3318.0,0.0,3319.5,3406,29368,3319.5,3319.0,1,2,3834.0,2834.0,1.0,2022-05-19 08:07:05
2022-05-19 21:07:06,2022-05-20,2022-05-19 21:07:06.984,J,Fut0_J2209,3334.0,3359.5,3318.0,0.0,3319.0,3414,29365,3318.5,3318.0,1,2,3834.0,2834.0,1.0,2022-05-19 08:07:06
2022-05-19 21:07:07,2022-05-20,2022-05-19 21:07:07.523,J,Fut0_J2209,3334.0,3359.5,3318.0,0.0,3319.0,3419,29364,3319.0,3318.5,1,1,3834.0,2834.0,1.0,2022-05-19 08:07:07
2022-05-19 21:07:08,2022-05-20,2022-05-19 21:07:08.643,J,Fut0_J2209,3334.0,3359.5,3318.0,0.0,3318.5,3426,29365,3319.5,3318.0,6,4,3834.0,2834.0,1.0,2022-05-19 08:07:08
2022-05-19 21:07:09,2022-05-20,2022-05-19 21:07:09.602,J,Fut0_J2209,3334.0,3359.5,3318.0,0.0,3318.0,3437,29371,3319.0,3318.0,1,1,3834.0,2834.0,1.0,2022-05-19 08:07:09
2022-05-19 21:07:10,2022-05-20,2022-05-19 21:07:10.926,J,Fut0_J2209,3334.0,3359.5,3316.0,0.0,3318.0,3457,29383,3318.0,3317.5,1,1,3834.0,2834.0,1.0,2022-05-19 08:07:10
2022-05-19 21:07:11,2022-05-20,2022-05-19 21:07:11.403,J,Fut0_J2209,3334.0,3359.5,3316.0,0.0,3318.0,3457,29383,3318.0,3317.5,1,2,3834.0,2834.0,1.0,2022-05-19 08:07:11
2022-05-19 21:07:12,2022-05-20,2022-05-19 21:07:12.634,J,Fut0_J2209,3334.0,3359.5,3316.0,0.0,3317.5,3460,29383,3318.0,3316.5,7,1,3834.0,2834.0,1.0,2022-05-19 08:07:12
2022-05-19 21:07:13,2022-05-20,2022-05-19 21:07:13.634,J,Fut0_J2209,3334.0,3359.5,3316.0,0.0,3317.5,3468,29380,3318.0,3317.5,5,1,3834.0,2834.0,1.0,2022-05-19 08:07:13
2022-05-19 21:07:14,2022-05-20,2022-05-19 21:07:14.650,J,Fut0_J2209,3334.0,3359.5,3315.5,0.0,3318.0,3486,29388,3318.0,3317.0,3,1,3834.0,2834.0,1.0,2022-05-19 08:07:14
2022-05-19 21:07:15,2022-05-20,2022-05-19 21:07:15.943,J,Fut0_J2209,3334.0,3359.5,3315.5,0.0,3319.5,3504,29390,3320.5,3320.0,3,1,3834.0,2834.0,1.0,2022-05-19 08:07:15
2022-05-19 21:07:16,2022-05-20,2022-05-19 21:07:16.609,J,Fut0_J2209,3334.0,3359.5,3315.5,0.0,3320.0,3505,29391,3320.0,3318.5,5,2,3834.0,2834.0,1.0,2022-05-19 08:07:16
2022-05-19 21:07:17,2022-05-20,2022-05-19 21:07:17.595,J,Fut0_J2209,3334.0,3359.5,3315.5,0.0,3319.0,3508,29390,3320.0,3319.0,3,1,3834.0,2834.0,1.0,2022-05-19 08:07:17
2022-05-19 21:07:18,2022-05-20,2022-05-19 21:07:18.516,J,Fut0_J2209,3334.0,3359.5,3315.5,0.0,3321.0,3517,29385,3321.5,3321.0,1,1,3834.0,2834.0,1.0,2022-05-19 08:07:18
2022-05-19 21:07:19,2022-05-20,2022-05-19 21:07:19.924,J,Fut0_J2209,3334.0,3359.5,3315.5,0.0,3320.0,3522,29383,3322.0,3320.5,2,4,3834.0,2834.0,1.0,2022-05-19 08:07:19
2022-05-19 21:07:20,2022-05-20,2022-05-19 21:07:20.985,J,Fut0_J2209,3334.0,3359.5,3315.5,0.0,3320.0,3526,29383,3320.5,3319.0,1,1,3834.0,2834.0,1.0,2022-05-19 08:07:20
2022-05-19 21:07:21,2022-05-20,2022-05-19 21:07:21.949,J,Fut0_J2209,3334.0,3359.5,3315.5,0.0,3319.5,3529,29382,3321.5,3319.5,2,6,3834.0,2834.0,1.0,2022-05-19 08:07:21
2022-05-19 21:07:22,2022-05-20,2022-05-19 21:07:22.439,J,Fut0_J2209,3334.0,3359.5,3315.5,0.0,3319.5,3529,29382,3321.5,3320.5,2,1,3834.0,2834.0,1.0,2022-05-19 08:07:22
2022-05-19 21:07:23,2022-05-20,2022-05-19 21:07:23.539,J,Fut0_J2209,3334.0,3359.5,3315.5,0.0,3319.5,3531,29384,3319.5,3319.0,1,2,3834.0,2834.0,1.0,2022-05-19 08:07:23
2022-05-19 21:07:24,2022-05-20,2022-05-19 21:07:24.541,J,Fut0_J2209,3334.0,3359.5,3315.5,0.0,3319.5,3534,29382,3321.0,3319.5,2,1,3834.0,2834.0,1.0,2022-05-19 08:07:24
2022-05-19 21:07:25,2022-05-20,2022-05-19 21:07:25.537,J,Fut0_J2209,3334.0,3359.5,3315.5,0.0,3321.0,3545,29377,3322.0,3321.0,2,4,3834.0,2834.0,1.0,2022-05-19 08:07:25
2022-05-19 21:07:27,2022-05-20,2022-05-19 21:07:27.627,J,Fut0_J2209,3334.0,3359.5,3315.5,0.0,3321.0,3549,29376,3321.5,3320.0,1,1,3834.0,2834.0,1.0,2022-05-19 08:07:27
2022-05-19 21:07:28,2022-05-20,2022-05-19 21:07:28.271,J,Fut0_J2209,3334.0,3359.5,3315.5,0.0,3321.5,3554,29379,3322.0,3320.0,4,2,3834.0,2834.0,1.0,2022-05-19 08:07:28
2022-05-19 21:07:29,2022-05-20,2022-05-19 21:07:29.421,J,Fut0_J2209,3334.0,3359.5,3315.5,0.0,3320.0,3558,29378,3321.5,3319.5,3,1,3834.0,2834.0,1.0,2022-05-19 08:07:29
2022-05-19 21:07:30,2022-05-20,2022-05-19 21:07:30.636,J,Fut0_J2209,3334.0,3359.5,3315.5,0.0,3321.5,3561,29378,3321.0,3319.5,1,2,3834.0,2834.0,1.0,2022-05-19 08:07:30
2022-05-19 21:07:31,2022-05-20,2022-05-19 21:07:31.636,J,Fut0_J2209,3334.0,3359.5,3315.5,0.0,3319.5,3563,29377,3319.5,3319.0,2,1,3834.0,2834.0,1.0,2022-05-19 08:07:31
2022-05-19 21:07:32,2022-05-20,2022-05-19 21:07:32.645,J,Fut0_J2209,3334.0,3359.5,3315.5,0.0,3318.0,3572,29376,3319.5,3318.0,2,2,3834.0,2834.0,1.0,2022-05-19 08:07:32
2022-05-19 21:07:33,2022-05-20,2022-05-19 21:07:33.436,J,Fut0_J2209,3334.0,3359.5,3315.5,0.0,3319.5,3573,29375,3319.0,3318.0,1,2,3834.0,2834.0,1.0,2022-05-19 08:07:33
2022-05-19 21:07:34,2022-05-20,2022-05-19 21:07:34.934,J,Fut0_J2209,3334.0,3359.5,3315.5,0.0,3319.0,3576,29374,3319.0,3318.0,1,1,3834.0,2834.0,1.0,2022-05-19 08:07:34
2022-05-19 21:07:35,2022-05-20,2022-05-19 21:07:35.623,J,Fut0_J2209,3334.0,3359.5,3315.5,0.0,3319.0,3577,29373,3319.0,3318.0,7,1,3834.0,2834.0,1.0,2022-05-19 08:07:35
2022-05-19 21:07:36,2022-05-20,2022-05-19 21:07:36.619,J,Fut0_J2209,3334.0,3359.5,3315.5,0.0,3319.0,3583,29374,3319.5,3318.5,1,1,3834.0,2834.0,1.0,2022-05-19 08:07:36
2022-05-19 21:07:37,2022-05-20,2022-05-19 21:07:37.513,J,Fut0_J2209,3334.0,3359.5,3315.5,0.0,3318.0,3585,29374,3319.5,3318.0,1,1,3834.0,2834.0,1.0,2022-05-19 08:07:37
2022-05-19 21:07:38,2022-05-20,2022-05-19 21:07:38.930,J,Fut0_J2209,3334.0,3359.5,3315.5,0.0,3319.0,3589,29375,3319.5,3318.0,1,2,3834.0,2834.0,1.0,2022-05-19 08:07:38
2022-05-19 21:07:39,2022-05-20,2022-05-19 21:07:39.515,J,Fut0_J2209,3334.0,3359.5,3315.5,0.0,3318.0,3592,29373,3320.0,3319.5,13,2,3834.0,2834.0,1.0,2022-05-19 08:07:39
2022-05-19 21:07:40,2022-05-20,2022-05-19 21:07:40.550,J,Fut0_J2209,3334.0,3359.5,3315.5,0.0,3320.0,3607,29365,3320.0,3318.0,18,1,3834.0,2834.0,1.0,2022-05-19 08:07:40
2022-05-19 21:07:41,2022-05-20,2022-05-19 21:07:41.872,J,Fut0_J2209,3334.0,3359.5,3315.5,0.0,3319.5,3612,29367,3320.0,3319.0,11,2,3834.0,2834.0,1.0,2022-05-19 08:07:41
2022-05-19 21:07:42,2022-05-20,2022-05-19 21:07:42.849,J,Fut0_J2209,3334.0,3359.5,3315.5,0.0,3320.0,3613,29366,3320.0,3319.0,10,2,3834.0,2834.0,1.0,2022-05-19 08:07:42
2022-05-19 21:07:43,2022-05-20,2022-05-19 21:07:43.425,J,Fut0_J2209,3334.0,3359.5,3315.5,0.0,3320.0,3617,29366,3320.0,3319.0,6,2,3834.0,2834.0,1.0,2022-05-19 08:07:43
2022-05-19 21:07:44,2022-05-20,2022-05-19 21:07:44.458,J,Fut0_J2209,3334.0,3359.5,3315.5,0.0,3319.5,3627,29367,3321.0,3319.5,1,1,3834.0,2834.0,1.0,2022-05-19 08:07:44
2022-05-19 21:07:45,2022-05-20,2022-05-19 21:07:45.934,J,Fut0_J2209,3334.0,3359.5,3315.5,0.0,3321.0,3631,29366,3321.5,3320.0,4,2,3834.0,2834.0,1.0,2022-05-19 08:07:45
2022-05-19 21:07:46,2022-05-20,2022-05-19 21:07:46.841,J,Fut0_J2209,3334.0,3359.5,3315.5,0.0,3321.0,3635,29366,3321.5,3319.5,3,1,3834.0,2834.0,1.0,2022-05-19 08:07:46
2022-05-19 21:07:47,2022-05-20,2022-05-19 21:07:47.397,J,Fut0_J2209,3334.0,3359.5,3315.5,0.0,3321.0,3636,29366,3321.5,3319.5,3,1,3834.0,2834.0,1.0,2022-05-19 08:07:47
2022-05-19 21:07:48,2022-05-20,2022-05-19 21:07:48.430,J,Fut0_J2209,3334.0,3359.5,3315.5,0.0,3321.5,3638,29364,3321.0,3320.0,1,1,3834.0,2834.0,1.0,2022-05-19 08:07:48
2022-05-19 21:07:49,2022-05-20,2022-05-19 21:07:49.963,J,Fut0_J2209,3334.0,3359.5,3315.5,0.0,3320.5,3641,29364,3321.5,3319.5,3,1,3834.0,2834.0,1.0,2022-05-19 08:07:49
2022-05-19 21:07:50,2022-05-20,2022-05-19 21:07:50.629,J,Fut0_J2209,3334.0,3359.5,3315.5,0.0,3321.0,3642,29364,3321.0,3319.5,4,1,3834.0,2834.0,1.0,2022-05-19 08:07:50
2022-05-19 21:07:51,2022-05-20,2022-05-19 21:07:51.059,J,Fut0_J2209,3334.0,3359.5,3315.5,0.0,3319.5,3643,29364,3321.0,3319.0,8,2,3834.0,2834.0,1.0,2022-05-19 08:07:51
2022-05-19 21:07:52,2022-05-20,2022-05-19 21:07:52.930,J,Fut0_J2209,3334.0,3359.5,3315.5,0.0,3320.5,3647,29363,3321.0,3320.0,5,1,3834.0,2834.0,1.0,2022-05-19 08:07:52
2022-05-19 21:07:53,2022-05-20,2022-05-19 21:07:53.424,J,Fut0_J2209,3334.0,3359.5,3315.5,0.0,3320.5,3647,29363,3321.0,3319.5,5,1,3834.0,2834.0,1.0,2022-05-19 08:07:53
2022-05-19 21:07:54,2022-05-20,2022-05-19 21:07:54.538,J,Fut0_J2209,3334.0,3359.5,3315.5,0.0,3319.5,3650,29365,3320.0,3319.0,6,2,3834.0,2834.0,1.0,2022-05-19 08:07:54
2022-05-19 21:07:55,2022-05-20,2022-05-19 21:07:55.667,J,Fut0_J2209,3334.0,3359.5,3315.5,0.0,3319.5,3652,29365,3320.0,3319.0,6,1,3834.0,2834.0,1.0,2022-05-19 08:07:55
2022-05-19 21:07:56,2022-05-20,2022-05-19 21:07:56.926,J,Fut0_J2209,3334.0,3359.5,3315.5,0.0,3319.0,3653,29366,3320.0,3318.5,6,1,3834.0,2834.0,1.0,2022-05-19 08:07:56
2022-05-19 21:07:57,2022-05-20,2022-05-19 21:07:57.996,J,Fut0_J2209,3334.0,3359.5,3315.5,0.0,3319.0,3653,29366,3320.0,3319.5,6,1,3834.0,2834.0,1.0,2022-05-19 08:07:57
2022-05-19 21:07:58,2022-05-20,2022-05-19 21:07:58.913,J,Fut0_J2209,3334.0,3359.5,3315.5,0.0,3320.0,3673,29379,3321.5,3319.5,5,1,3834.0,2834.0,1.0,2022-05-19 08:07:58
2022-05-19 21:07:59,2022-05-20,2022-05-19 21:07:59.577,J,Fut0_J2209,3334.0,3359.5,3315.5,0.0,3319.5,3674,29379,3321.5,3319.0,5,3,3834.0,2834.0,1.0,2022-05-19 08:07:59
2022-05-19 21:08:00,2022-05-20,2022-05-19 21:08:00.929,J,Fut0_J2209,3334.0,3359.5,3315.5,0.0,3319.5,3678,29379,3320.0,3319.5,1,2,3834.0,2834.0,1.0,2022-05-19 08:08:00
2022-05-19 21:08:01,2022-05-20,2022-05-19 21:08:01.618,J,Fut0_J2209,3334.0,3359.5,3315.5,0.0,3319.5,3678,29379,3320.0,3319.5,2,2,3834.0,2834.0,1.0,2022-05-19 08:08:01
2022-05-19 21:08:02,2022-05-20,2022-05-19 21:08:02.963,J,Fut0_J2209,3334.0,3359.5,3315.5,0.0,3317.5,3685,29383,3318.0,3317.5,5,4,3834.0,2834.0,1.0,2022-05-19 08:08:02
2022-05-19 21:08:03,2022-05-20,2022-05-19 21:08:03.956,J,Fut0_J2209,3334.0,3359.5,3315.5,0.0,3318.0,3691,29384,3319.5,3319.0,2,1,3834.0,2834.0,1.0,2022-05-19 08:08:03
2022-05-19 21:08:04,2022-05-20,2022-05-19 21:08:04.811,J,Fut0_J2209,3334.0,3359.5,3315.5,0.0,3319.0,3692,29385,3319.0,3318.0,1,1,3834.0,2834.0,1.0,2022-05-19 08:08:04
2022-05-19 21:08:05,2022-05-20,2022-05-19 21:08:05.602,J,Fut0_J2209,3334.0,3359.5,3315.5,0.0,3319.5,3696,29384,3320.0,3319.5,1,1,3834.0,2834.0,1.0,2022-05-19 08:08:05
2022-05-19 21:08:06,2022-05-20,2022-05-19 21:08:06.532,J,Fut0_J2209,3334.0,3359.5,3315.5,0.0,3320.0,3698,29384,3320.5,3320.0,1,2,3834.0,2834.0,1.0,2022-05-19 08:08:06
2022-05-19 21:08:07,2022-05-20,2022-05-19 21:08:07.934,J,Fut0_J2209,3334.0,3359.5,3315.5,0.0,3319.5,3708,29384,3320.0,3319.5,1,1,3834.0,2834.0,1.0,2022-05-19 08:08:07
2022-05-19 21:08:09,2022-05-20,2022-05-19 21:08:09.971,J,Fut0_J2209,3334.0,3359.5,3315.5,0.0,3321.5,3721,29392,3321.5,3320.0,4,1,3834.0,2834.0,1.0,2022-05-19 08:08:09
2022-05-19 21:08:10,2022-05-20,2022-05-19 21:08:10.573,J,Fut0_J2209,3334.0,3359.5,3315.5,0.0,3321.5,3721,29392,3321.0,3320.0,1,1,3834.0,2834.0,1.0,2022-05-19 08:08:10
2022-05-19 21:08:11,2022-05-20,2022-05-19 21:08:11.649,J,Fut0_J2209,3334.0,3359.5,3315.5,0.0,3321.5,3721,29392,3321.0,3320.0,1,2,3834.0,2834.0,1.0,2022-05-19 08:08:11
2022-05-19 21:08:12,2022-05-20,2022-05-19 21:08:12.921,J,Fut0_J2209,3334.0,3359.5,3315.5,0.0,3321.5,3726,29392,3321.5,3320.5,2,2,3834.0,2834.0,1.0,2022-05-19 08:08:12
2022-05-19 21:08:13,2022-05-20,2022-05-19 21:08:13.432,J,Fut0_J2209,3334.0,3359.5,3315.5,0.0,3321.5,3728,29392,3322.0,3321.0,3,1,3834.0,2834.0,1.0,2022-05-19 08:08:13
2022-05-19 21:08:14,2022-05-20,2022-05-19 21:08:14.925,J,Fut0_J2209,3334.0,3359.5,3315.5,0.0,3321.0,3729,29392,3321.5,3321.0,1,1,3834.0,2834.0,1.0,2022-05-19 08:08:14
2022-05-19 21:08:15,2022-05-20,2022-05-19 21:08:15.770,J,Fut0_J2209,3334.0,3359.5,3315.5,0.0,3321.5,3731,29390,3322.0,3321.0,14,2,3834.0,2834.0,1.0,2022-05-19 08:08:15
2022-05-19 21:08:16,2022-05-20,2022-05-19 21:08:16.372,J,Fut0_J2209,3334.0,3359.5,3315.5,0.0,3321.5,3731,29390,3321.5,3321.0,1,3,3834.0,2834.0,1.0,2022-05-19 08:08:16
2022-05-19 21:08:17,2022-05-20,2022-05-19 21:08:17.922,J,Fut0_J2209,3334.0,3359.5,3315.5,0.0,3324.0,3751,29403,3324.5,3324.0,2,6,3834.0,2834.0,1.0,2022-05-19 08:08:17
2022-05-19 21:08:18,2022-05-20,2022-05-19 21:08:18.561,J,Fut0_J2209,3334.0,3359.5,3315.5,0.0,3323.5,3756,29403,3324.0,3323.5,1,2,3834.0,2834.0,1.0,2022-05-19 08:08:18
2022-05-19 21:08:19,2022-05-20,2022-05-19 21:08:19.478,J,Fut0_J2209,3334.0,3359.5,3315.5,0.0,3323.0,3758,29401,3323.5,3322.5,1,2,3834.0,2834.0,1.0,2022-05-19 08:08:19
2022-05-19 21:08:20,2022-05-20,2022-05-19 21:08:20.375,J,Fut0_J2209,3334.0,3359.5,3315.5,0.0,3323.0,3760,29401,3323.5,3323.0,1,1,3834.0,2834.0,1.0,2022-05-19 08:08:20
2022-05-19 21:08:21,2022-05-20,2022-05-19 21:08:21.447,J,Fut0_J2209,3334.0,3359.5,3315.5,0.0,3323.5,3762,29400,3323.5,3323.0,1,1,3834.0,2834.0,1.0,2022-05-19 08:08:21
2022-05-19 21:08:22,2022-05-20,2022-05-19 21:08:22.624,J,Fut0_J2209,3334.0,3359.5,3315.5,0.0,3324.0,3764,29398,3324.0,3323.0,1,1,3834.0,2834.0,1.0,2022-05-19 08:08:22
2022-05-19 21:08:23,2022-05-20,2022-05-19 21:08:23.597,J,Fut0_J2209,3334.0,3359.5,3315.5,0.0,3324.0,3767,29398,3324.5,3323.0,4,1,3834.0,2834.0,1.0,2022-05-19 08:08:23
2022-05-19 21:08:24,2022-05-20,2022-05-19 21:08:24.733,J,Fut0_J2209,3334.0,3359.5,3315.5,0.0,3324.5,3770,29399,3324.5,3324.0,4,3,3834.0,2834.0,1.0,2022-05-19 08:08:24
2022-05-19 21:08:25,2022-05-20,2022-05-19 21:08:25.581,J,Fut0_J2209,3334.0,3359.5,3315.5,0.0,3324.5,3774,29400,3325.0,3324.5,2,11,3834.0,2834.0,1.0,2022-05-19 08:08:25
2022-05-19 21:08:26,2022-05-20,2022-05-19 21:08:26.522,J,Fut0_J2209,3334.0,3359.5,3315.5,0.0,3328.0,3790,29397,3328.5,3328.0,5,1,3834.0,2834.0,1.0,2022-05-19 08:08:26
2022-05-19 21:08:27,2022-05-20,2022-05-19 21:08:27.423,J,Fut0_J2209,3334.0,3359.5,3315.5,0.0,3327.0,3802,29396,3328.0,3327.5,1,1,3834.0,2834.0,1.0,2022-05-19 08:08:27
2022-05-19 21:08:28,2022-05-20,2022-05-19 21:08:28.492,J,Fut0_J2209,3334.0,3359.5,3315.5,0.0,3327.5,3810,29398,3329.0,3326.5,1,2,3834.0,2834.0,1.0,2022-05-19 08:08:28
2022-05-19 21:08:29,2022-05-20,2022-05-19 21:08:29.589,J,Fut0_J2209,3334.0,3359.5,3315.5,0.0,3326.5,3813,29399,3328.0,3326.0,1,13,3834.0,2834.0,1.0,2022-05-19 08:08:29
2022-05-19 21:08:30,2022-05-20,2022-05-19 21:08:30.922,J,Fut0_J2209,3334.0,3359.5,3315.5,0.0,3326.5,3822,29400,3327.0,3326.5,1,1,3834.0,2834.0,1.0,2022-05-19 08:08:30
2022-05-19 21:08:31,2022-05-20,2022-05-19 21:08:31.653,J,Fut0_J2209,3334.0,3359.5,3315.5,0.0,3328.0,3826,29398,3327.5,3326.0,10,9,3834.0,2834.0,1.0,2022-05-19 08:08:31
2022-05-19 21:08:32,2022-05-20,2022-05-19 21:08:32.641,J,Fut0_J2209,3334.0,3359.5,3315.5,0.0,3323.0,3842,29395,3324.5,3322.5,4,3,3834.0,2834.0,1.0,2022-05-19 08:08:32
2022-05-19 21:08:33,2022-05-20,2022-05-19 21:08:33.629,J,Fut0_J2209,3334.0,3359.5,3315.5,0.0,3322.5,3855,29393,3323.0,3321.5,4,1,3834.0,2834.0,1.0,2022-05-19 08:08:33
2022-05-19 21:08:34,2022-05-20,2022-05-19 21:08:34.930,J,Fut0_J2209,3334.0,3359.5,3315.5,0.0,3323.5,3860,29394,3327.0,3324.5,1,3,3834.0,2834.0,1.0,2022-05-19 08:08:34
2022-05-19 21:08:35,2022-05-20,2022-05-19 21:08:35.923,J,Fut0_J2209,3334.0,3359.5,3315.5,0.0,3324.5,3861,29394,3326.0,3324.5,2,4,3834.0,2834.0,1.0,2022-05-19 08:08:35
2022-05-19 21:08:36,2022-05-20,2022-05-19 21:08:36.544,J,Fut0_J2209,3334.0,3359.5,3315.5,0.0,3324.5,3862,29395,3326.0,3324.5,3,3,3834.0,2834.0,1.0,2022-05-19 08:08:36
2022-05-19 21:08:37,2022-05-20,2022-05-19 21:08:37.984,J,Fut0_J2209,3334.0,3359.5,3315.5,0.0,3324.5,3865,29397,3325.0,3324.5,2,2,3834.0,2834.0,1.0,2022-05-19 08:08:37
2022-05-19 21:08:38,2022-05-20,2022-05-19 21:08:38.469,J,Fut0_J2209,3334.0,3359.5,3315.5,0.0,3325.0,3868,29398,3327.0,3325.0,1,3,3834.0,2834.0,1.0,2022-05-19 08:08:38
2022-05-19 21:08:39,2022-05-20,2022-05-19 21:08:39.569,J,Fut0_J2209,3334.0,3359.5,3315.5,0.0,3325.0,3869,29398,3326.0,3325.0,2,2,3834.0,2834.0,1.0,2022-05-19 08:08:39
2022-05-19 21:08:40,2022-05-20,2022-05-19 21:08:40.608,J,Fut0_J2209,3334.0,3359.5,3315.5,0.0,3325.0,3869,29398,3326.0,3325.0,2,4,3834.0,2834.0,1.0,2022-05-19 08:08:40
2022-05-19 21:08:41,2022-05-20,2022-05-19 21:08:41.554,J,Fut0_J2209,3334.0,3359.5,3315.5,0.0,3326.0,3871,29397,3327.0,3326.5,1,2,3834.0,2834.0,1.0,2022-05-19 08:08:41
2022-05-19 21:08:42,2022-05-20,2022-05-19 21:08:42.927,J,Fut0_J2209,3334.0,3359.5,3315.5,0.0,3326.0,3874,29397,3326.0,3325.0,3,4,3834.0,2834.0,1.0,2022-05-19 08:08:42
2022-05-19 21:08:43,2022-05-20,2022-05-19 21:08:43.640,J,Fut0_J2209,3334.0,3359.5,3315.5,0.0,3325.0,3879,29395,3325.5,3324.5,3,2,3834.0,2834.0,1.0,2022-05-19 08:08:43
2022-05-19 21:08:44,2022-05-20,2022-05-19 21:08:44.903,J,Fut0_J2209,3334.0,3359.5,3315.5,0.0,3323.5,3884,29395,3325.0,3323.0,1,3,3834.0,2834.0,1.0,2022-05-19 08:08:44
2022-05-19 21:08:45,2022-05-20,2022-05-19 21:08:45.425,J,Fut0_J2209,3334.0,3359.5,3315.5,0.0,3323.5,3884,29395,3325.5,3324.0,2,1,3834.0,2834.0,1.0,2022-05-19 08:08:45
2022-05-19 21:08:46,2022-05-20,2022-05-19 21:08:46.671,J,Fut0_J2209,3334.0,3359.5,3315.5,0.0,3325.0,3885,29395,3325.5,3324.0,2,1,3834.0,2834.0,1.0,2022-05-19 08:08:46
2022-05-19 21:08:47,2022-05-20,2022-05-19 21:08:47.602,J,Fut0_J2209,3334.0,3359.5,3315.5,0.0,3324.0,3886,29395,3325.5,3323.0,2,3,3834.0,2834.0,1.0,2022-05-19 08:08:47
2022-05-19 21:08:48,2022-05-20,2022-05-19 21:08:48.052,J,Fut0_J2209,3334.0,3359.5,3315.5,0.0,3324.0,3886,29395,3324.5,3323.5,1,1,3834.0,2834.0,1.0,2022-05-19 08:08:48
2022-05-19 21:08:49,2022-05-20,2022-05-19 21:08:49.645,J,Fut0_J2209,3334.0,3359.5,3315.5,0.0,3323.5,3887,29396,3324.5,3323.5,1,1,3834.0,2834.0,1.0,2022-05-19 08:08:49
2022-05-19 21:08:50,2022-05-20,2022-05-19 21:08:50.053,J,Fut0_J2209,3334.0,3359.5,3315.5,0.0,3324.5,3888,29396,3325.5,3323.5,2,1,3834.0,2834.0,1.0,2022-05-19 08:08:50
2022-05-19 21:08:51,2022-05-20,2022-05-19 21:08:51.570,J,Fut0_J2209,3334.0,3359.5,3315.5,0.0,3324.5,3889,29396,3325.0,3323.5,1,1,3834.0,2834.0,1.0,2022-05-19 08:08:51
2022-05-19 21:08:52,2022-05-20,2022-05-19 21:08:52.021,J,Fut0_J2209,3334.0,3359.5,3315.5,0.0,3324.5,3889,29396,3325.0,3324.0,1,1,3834.0,2834.0,1.0,2022-05-19 08:08:52
2022-05-19 21:08:53,2022-05-20,2022-05-19 21:08:53.166,J,Fut0_J2209,3334.0,3359.5,3315.5,0.0,3323.5,3892,29397,3325.5,3323.5,2,1,3834.0,2834.0,1.0,2022-05-19 08:08:53
2022-05-19 21:08:54,2022-05-20,2022-05-19 21:08:54.913,J,Fut0_J2209,3334.0,3359.5,3315.5,0.0,3323.5,3893,29396,3324.5,3323.0,1,3,3834.0,2834.0,1.0,2022-05-19 08:08:54
2022-05-19 21:08:55,2022-05-20,2022-05-19 21:08:55.450,J,Fut0_J2209,3334.0,3359.5,3315.5,0.0,3323.5,3893,29396,3324.5,3323.5,1,1,3834.0,2834.0,1.0,2022-05-19 08:08:55
2022-05-19 21:08:56,2022-05-20,2022-05-19 21:08:56.914,J,Fut0_J2209,3334.0,3359.5,3315.5,0.0,3323.5,3894,29396,3324.5,3323.0,1,3,3834.0,2834.0,1.0,2022-05-19 08:08:56
2022-05-19 21:08:57,2022-05-20,2022-05-19 21:08:57.424,J,Fut0_J2209,3334.0,3359.5,3315.5,0.0,3324.5,3895,29396,3325.0,3323.0,1,3,3834.0,2834.0,1.0,2022-05-19 08:08:57
2022-05-19 21:08:58,2022-05-20,2022-05-19 21:08:58.098,J,Fut0_J2209,3334.0,3359.5,3315.5,0.0,3324.5,3895,29396,3325.0,3323.5,1,1,3834.0,2834.0,1.0,2022-05-19 08:08:58
2022-05-19 21:08:59,2022-05-20,2022-05-19 21:08:59.371,J,Fut0_J2209,3334.0,3359.5,3315.5,0.0,3323.5,3896,29396,3323.5,3323.0,9,3,3834.0,2834.0,1.0,2022-05-19 08:08:59
2022-05-19 21:09:00,2022-05-20,2022-05-19 21:09:00.499,J,Fut0_J2209,3334.0,3359.5,3315.5,0.0,3323.0,3902,29398,3323.0,3321.0,1,3,3834.0,2834.0,1.0,2022-05-19 08:09:00
2022-05-19 21:09:01,2022-05-20,2022-05-19 21:09:01.583,J,Fut0_J2209,3334.0,3359.5,3315.5,0.0,3323.0,3904,29398,3323.5,3321.5,7,2,3834.0,2834.0,1.0,2022-05-19 08:09:01
2022-05-19 21:09:02,2022-05-20,2022-05-19 21:09:02.923,J,Fut0_J2209,3334.0,3359.5,3315.5,0.0,3323.0,3915,29399,3324.5,3323.0,1,12,3834.0,2834.0,1.0,2022-05-19 08:09:02
2022-05-19 21:09:03,2022-05-20,2022-05-19 21:09:03.938,J,Fut0_J2209,3334.0,3359.5,3315.5,0.0,3324.0,3916,29398,3325.0,3323.5,2,1,3834.0,2834.0,1.0,2022-05-19 08:09:03
2022-05-19 21:09:04,2022-05-20,2022-05-19 21:09:04.927,J,Fut0_J2209,3334.0,3359.5,3315.5,0.0,3323.5,3917,29398,3325.0,3323.0,2,12,3834.0,2834.0,1.0,2022-05-19 08:09:04
2022-05-19 21:09:06,2022-05-20,2022-05-19 21:09:06.654,J,Fut0_J2209,3334.0,3359.5,3315.5,0.0,3325.0,3919,29399,3325.0,3323.0,9,12,3834.0,2834.0,1.0,2022-05-19 08:09:06
2022-05-19 21:09:07,2022-05-20,2022-05-19 21:09:07.533,J,Fut0_J2209,3334.0,3359.5,3315.5,0.0,3324.5,3920,29399,3325.0,3324.5,9,1,3834.0,2834.0,1.0,2022-05-19 08:09:07
2022-05-19 21:09:08,2022-05-20,2022-05-19 21:09:08.795,J,Fut0_J2209,3334.0,3359.5,3315.5,0.0,3323.5,3923,29399,3324.5,3323.0,2,12,3834.0,2834.0,1.0,2022-05-19 08:09:08
2022-05-19 21:09:09,2022-05-20,2022-05-19 21:09:09.628,J,Fut0_J2209,3334.0,3359.5,3315.5,0.0,3323.5,3923,29399,3324.5,3323.0,4,12,3834.0,2834.0,1.0,2022-05-19 08:09:09
2022-05-19 21:09:10,2022-05-20,2022-05-19 21:09:10.992,J,Fut0_J2209,3334.0,3359.5,3315.5,0.0,3323.0,3929,29400,3325.0,3323.0,13,12,3834.0,2834.0,1.0,2022-05-19 08:09:10
2022-05-19 21:09:11,2022-05-20,2022-05-19 21:09:11.929,J,Fut0_J2209,3334.0,3359.5,3315.5,0.0,3325.0,3931,29400,3325.0,3323.5,12,2,3834.0,2834.0,1.0,2022-05-19 08:09:11
2022-05-19 21:09:12,2022-05-20,2022-05-19 21:09:12.418,J,Fut0_J2209,3334.0,3359.5,3315.5,0.0,3325.0,3931,29400,3325.0,3323.5,12,1,3834.0,2834.0,1.0,2022-05-19 08:09:12
2022-05-19 21:09:13,2022-05-20,2022-05-19 21:09:13.431,J,Fut0_J2209,3334.0,3359.5,3315.5,0.0,3325.0,3938,29403,3325.0,3324.5,5,5,3834.0,2834.0,1.0,2022-05-19 08:09:13
2022-05-19 21:09:14,2022-05-20,2022-05-19 21:09:14.901,J,Fut0_J2209,3334.0,3359.5,3315.5,0.0,3326.0,3950,29399,3326.0,3325.0,1,3,3834.0,2834.0,1.0,2022-05-19 08:09:14
2022-05-19 21:09:15,2022-05-20,2022-05-19 21:09:15.931,J,Fut0_J2209,3334.0,3359.5,3315.5,0.0,3325.0,3952,29399,3326.0,3325.0,1,1,3834.0,2834.0,1.0,2022-05-19 08:09:15
2022-05-19 21:09:17,2022-05-20,2022-05-19 21:09:17.029,J,Fut0_J2209,3334.0,3359.5,3315.5,0.0,3325.0,3952,29399,3326.0,3325.0,6,1,3834.0,2834.0,1.0,2022-05-19 08:09:17
2022-05-19 21:09:18,2022-05-20,2022-05-19 21:09:18.801,J,Fut0_J2209,3334.0,3359.5,3315.5,0.0,3325.0,3961,29403,3326.5,3325.0,5,3,3834.0,2834.0,1.0,2022-05-19 08:09:18
2022-05-19 21:09:19,2022-05-20,2022-05-19 21:09:19.560,J,Fut0_J2209,3334.0,3359.5,3315.5,0.0,3325.0,3962,29402,3326.5,3325.0,5,2,3834.0,2834.0,1.0,2022-05-19 08:09:19
2022-05-19 21:09:20,2022-05-20,2022-05-19 21:09:20.419,J,Fut0_J2209,3334.0,3359.5,3315.5,0.0,3326.5,3963,29402,3326.0,3325.5,1,1,3834.0,2834.0,1.0,2022-05-19 08:09:20
2022-05-19 21:09:21,2022-05-20,2022-05-19 21:09:21.474,J,Fut0_J2209,3334.0,3359.5,3315.5,0.0,3327.0,3974,29398,3327.5,3326.5,2,3,3834.0,2834.0,1.0,2022-05-19 08:09:21
2022-05-19 21:09:22,2022-05-20,2022-05-19 21:09:22.933,J,Fut0_J2209,3334.0,3359.5,3315.5,0.0,3329.0,3992,29387,3330.0,3329.5,14,1,3834.0,2834.0,1.0,2022-05-19 08:09:22
2022-05-19 21:09:23,2022-05-20,2022-05-19 21:09:23.623,J,Fut0_J2209,3334.0,3359.5,3315.5,0.0,3329.5,3994,29387,3330.0,3329.0,14,1,3834.0,2834.0,1.0,2022-05-19 08:09:23
2022-05-19 21:09:24,2022-05-20,2022-05-19 21:09:24.597,J,Fut0_J2209,3334.0,3359.5,3315.5,0.0,3329.5,4005,29386,3330.0,3328.5,13,1,3834.0,2834.0,1.0,2022-05-19 08:09:24
2022-05-19 21:09:25,2022-05-20,2022-05-19 21:09:25.645,J,Fut0_J2209,3334.0,3359.5,3315.5,0.0,3329.5,4007,29385,3329.0,3328.0,3,2,3834.0,2834.0,1.0,2022-05-19 08:09:25
2022-05-19 21:09:26,2022-05-20,2022-05-19 21:09:26.547,J,Fut0_J2209,3334.0,3359.5,3315.5,0.0,3329.0,4024,29379,3328.0,3326.5,1,4,3834.0,2834.0,1.0,2022-05-19 08:09:26
2022-05-19 21:09:27,2022-05-20,2022-05-19 21:09:27.452,J,Fut0_J2209,3334.0,3359.5,3315.5,0.0,3326.5,4028,29379,3327.5,3325.5,1,1,3834.0,2834.0,1.0,2022-05-19 08:09:27
2022-05-19 21:09:28,2022-05-20,2022-05-19 21:09:28.982,J,Fut0_J2209,3334.0,3359.5,3315.5,0.0,3327.5,4045,29370,3329.0,3327.0,5,1,3834.0,2834.0,1.0,2022-05-19 08:09:28
2022-05-19 21:09:29,2022-05-20,2022-05-19 21:09:29.423,J,Fut0_J2209,3334.0,3359.5,3315.5,0.0,3327.5,4045,29370,3328.5,3326.0,1,5,3834.0,2834.0,1.0,2022-05-19 08:09:29
2022-05-19 21:09:30,2022-05-20,2022-05-19 21:09:30.928,J,Fut0_J2209,3334.0,3359.5,3315.5,0.0,3326.0,4046,29370,3327.5,3326.0,1,3,3834.0,2834.0,1.0,2022-05-19 08:09:30
2022-05-19 21:09:31,2022-05-20,2022-05-19 21:09:31.579,J,Fut0_J2209,3334.0,3359.5,3315.5,0.0,3328.5,4048,29370,3328.5,3326.5,3,1,3834.0,2834.0,1.0,2022-05-19 08:09:31
2022-05-19 21:09:32,2022-05-20,2022-05-19 21:09:32.513,J,Fut0_J2209,3334.0,3359.5,3315.5,0.0,3328.5,4048,29370,3328.5,3328.0,3,3,3834.0,2834.0,1.0,2022-05-19 08:09:32
2022-05-19 21:09:33,2022-05-20,2022-05-19 21:09:33.922,J,Fut0_J2209,3334.0,3359.5,3315.5,0.0,3330.0,4066,29373,3330.0,3329.0,5,3,3834.0,2834.0,1.0,2022-05-19 08:09:33
2022-05-19 21:09:34,2022-05-20,2022-05-19 21:09:34.567,J,Fut0_J2209,3334.0,3359.5,3315.5,0.0,3330.0,4072,29375,3331.5,3330.0,2,6,3834.0,2834.0,1.0,2022-05-19 08:09:34
2022-05-19 21:09:35,2022-05-20,2022-05-19 21:09:35.424,J,Fut0_J2209,3334.0,3359.5,3315.5,0.0,3330.0,4079,29370,3331.0,3329.0,1,5,3834.0,2834.0,1.0,2022-05-19 08:09:35
2022-05-19 21:09:36,2022-05-20,2022-05-19 21:09:36.461,J,Fut0_J2209,3334.0,3359.5,3315.5,0.0,3331.5,4083,29373,3331.0,3330.0,1,1,3834.0,2834.0,1.0,2022-05-19 08:09:36
2022-05-19 21:09:37,2022-05-20,2022-05-19 21:09:37.907,J,Fut0_J2209,3334.0,3359.5,3315.5,0.0,3331.0,4089,29372,3330.0,3329.5,1,1,3834.0,2834.0,1.0,2022-05-19 08:09:37
2022-05-19 21:09:38,2022-05-20,2022-05-19 21:09:38.476,J,Fut0_J2209,3334.0,3359.5,3315.5,0.0,3329.5,4091,29373,3331.5,3329.0,2,6,3834.0,2834.0,1.0,2022-05-19 08:09:38
2022-05-19 21:09:39,2022-05-20,2022-05-19 21:09:39.999,J,Fut0_J2209,3334.0,3359.5,3315.5,0.0,3329.0,4094,29373,3329.5,3329.0,5,4,3834.0,2834.0,1.0,2022-05-19 08:09:39
2022-05-19 21:09:40,2022-05-20,2022-05-19 21:09:40.975,J,Fut0_J2209,3334.0,3359.5,3315.5,0.0,3329.0,4096,29373,3329.5,3329.0,4,4,3834.0,2834.0,1.0,2022-05-19 08:09:40
2022-05-19 21:09:41,2022-05-20,2022-05-19 21:09:41.488,J,Fut0_J2209,3334.0,3359.5,3315.5,0.0,3330.5,4103,29367,3331.0,3329.5,5,3,3834.0,2834.0,1.0,2022-05-19 08:09:41
2022-05-19 21:09:42,2022-05-20,2022-05-19 21:09:42.178,J,Fut0_J2209,3334.0,3359.5,3315.5,0.0,3329.5,4105,29367,3331.0,3329.5,2,3,3834.0,2834.0,1.0,2022-05-19 08:09:42
2022-05-19 21:09:43,2022-05-20,2022-05-19 21:09:43.957,J,Fut0_J2209,3334.0,3359.5,3315.5,0.0,3329.5,4110,29368,3331.0,3329.0,1,5,3834.0,2834.0,1.0,2022-05-19 08:09:43
2022-05-19 21:09:44,2022-05-20,2022-05-19 21:09:44.945,J,Fut0_J2209,3334.0,3359.5,3315.5,0.0,3329.0,4113,29367,3331.0,3329.5,1,1,3834.0,2834.0,1.0,2022-05-19 08:09:44
2022-05-19 21:09:45,2022-05-20,2022-05-19 21:09:45.595,J,Fut0_J2209,3334.0,3359.5,3315.5,0.0,3331.0,4114,29366,3331.0,3329.5,1,1,3834.0,2834.0,1.0,2022-05-19 08:09:45
2022-05-19 21:09:46,2022-05-20,2022-05-19 21:09:46.446,J,Fut0_J2209,3334.0,3359.5,3315.5,0.0,3331.0,4116,29366,3330.5,3329.0,1,4,3834.0,2834.0,1.0,2022-05-19 08:09:46
2022-05-19 21:09:47,2022-05-20,2022-05-19 21:09:47.929,J,Fut0_J2209,3334.0,3359.5,3315.5,0.0,3329.0,4120,29366,3329.0,3328.0,16,1,3834.0,2834.0,1.0,2022-05-19 08:09:47
2022-05-19 21:09:48,2022-05-20,2022-05-19 21:09:48.429,J,Fut0_J2209,3334.0,3359.5,3315.5,0.0,3328.0,4121,29366,3328.5,3327.0,1,1,3834.0,2834.0,1.0,2022-05-19 08:09:48
2022-05-19 21:09:49,2022-05-20,2022-05-19 21:09:49.526,J,Fut0_J2209,3334.0,3359.5,3315.5,0.0,3329.0,4129,29364,3329.0,3326.0,12,3,3834.0,2834.0,1.0,2022-05-19 08:09:49
2022-05-19 21:09:50,2022-05-20,2022-05-19 21:09:50.598,J,Fut0_J2209,3334.0,3359.5,3315.5,0.0,3329.0,4140,29363,3329.0,3328.0,1,2,3834.0,2834.0,1.0,2022-05-19 08:09:50
2022-05-19 21:09:51,2022-05-20,2022-05-19 21:09:51.928,J,Fut0_J2209,3334.0,3359.5,3315.5,0.0,3329.5,4145,29360,3330.0,3328.5,1,17,3834.0,2834.0,1.0,2022-05-19 08:09:51
2022-05-19 21:09:52,2022-05-20,2022-05-19 21:09:52.436,J,Fut0_J2209,3334.0,3359.5,3315.5,0.0,3329.5,4146,29360,3329.5,3328.5,2,17,3834.0,2834.0,1.0,2022-05-19 08:09:52
2022-05-19 21:09:53,2022-05-20,2022-05-19 21:09:53.461,J,Fut0_J2209,3334.0,3359.5,3315.5,0.0,3329.5,4146,29360,3329.5,3328.5,2,2,3834.0,2834.0,1.0,2022-05-19 08:09:53
2022-05-19 21:09:54,2022-05-20,2022-05-19 21:09:54.475,J,Fut0_J2209,3334.0,3359.5,3315.5,0.0,3328.5,4148,29359,3328.5,3327.0,2,1,3834.0,2834.0,1.0,2022-05-19 08:09:54
2022-05-19 21:09:55,2022-05-20,2022-05-19 21:09:55.919,J,Fut0_J2209,3334.0,3359.5,3315.5,0.0,3328.5,4151,29357,3329.0,3328.5,1,2,3834.0,2834.0,1.0,2022-05-19 08:09:55
2022-05-19 21:09:56,2022-05-20,2022-05-19 21:09:56.545,J,Fut0_J2209,3334.0,3359.5,3315.5,0.0,3327.0,4155,29356,3328.5,3326.0,1,3,3834.0,2834.0,1.0,2022-05-19 08:09:56
2022-05-19 21:09:57,2022-05-20,2022-05-19 21:09:57.553,J,Fut0_J2209,3334.0,3359.5,3315.5,0.0,3329.0,4157,29355,3329.0,3327.0,1,1,3834.0,2834.0,1.0,2022-05-19 08:09:57
2022-05-19 21:09:59,2022-05-20,2022-05-19 21:09:59.999,J,Fut0_J2209,3334.0,3359.5,3315.5,0.0,3327.0,4162,29354,3329.5,3327.0,1,3,3834.0,2834.0,1.0,2022-05-19 08:09:59
2022-05-19 21:10:00,2022-05-20,2022-05-19 21:10:00.576,J,Fut0_J2209,3334.0,3359.5,3315.5,0.0,3327.0,4162,29354,3329.0,3327.5,3,1,3834.0,2834.0,1.0,2022-05-19 08:10:00
2022-05-19 21:10:01,2022-05-20,2022-05-19 21:10:01.952,J,Fut0_J2209,3334.0,3359.5,3315.5,0.0,3326.5,4164,29354,3328.0,3326.0,1,4,3834.0,2834.0,1.0,2022-05-19 08:10:01
2022-05-19 21:10:02,2022-05-20,2022-05-19 21:10:02.620,J,Fut0_J2209,3334.0,3359.5,3315.5,0.0,3328.0,4165,29353,3327.0,3326.5,1,1,3834.0,2834.0,1.0,2022-05-19 08:10:02
2022-05-19 21:10:03,2022-05-20,2022-05-19 21:10:03.428,J,Fut0_J2209,3334.0,3359.5,3315.5,0.0,3326.0,4169,29352,3328.5,3326.5,2,4,3834.0,2834.0,1.0,2022-05-19 08:10:03
2022-05-19 21:10:04,2022-05-20,2022-05-19 21:10:04.921,J,Fut0_J2209,3334.0,3359.5,3315.5,0.0,3329.0,4175,29352,3329.5,3328.5,1,4,3834.0,2834.0,1.0,2022-05-19 08:10:04
2022-05-19 21:10:05,2022-05-20,2022-05-19 21:10:05.473,J,Fut0_J2209,3334.0,3359.5,3315.5,0.0,3328.5,4180,29353,3329.5,3328.0,1,3,3834.0,2834.0,1.0,2022-05-19 08:10:05
2022-05-19 21:10:06,2022-05-20,2022-05-19 21:10:06.987,J,Fut0_J2209,3334.0,3359.5,3315.5,0.0,3328.0,4182,29352,3329.0,3328.0,2,2,3834.0,2834.0,1.0,2022-05-19 08:10:06
2022-05-19 21:10:07,2022-05-20,2022-05-19 21:10:07.927,J,Fut0_J2209,3334.0,3359.5,3315.5,0.0,3328.0,4184,29351,3328.5,3328.0,1,1,3834.0,2834.0,1.0,2022-05-19 08:10:07
2022-05-19 21:10:08,2022-05-20,2022-05-19 21:10:08.670,J,Fut0_J2209,3334.0,3359.5,3315.5,0.0,3328.0,4185,29350,3328.5,3326.5,1,1,3834.0,2834.0,1.0,2022-05-19 08:10:08
2022-05-19 21:10:09,2022-05-20,2022-05-19 21:10:09.917,J,Fut0_J2209,3334.0,3359.5,3315.5,0.0,3326.5,4186,29349,3328.5,3327.0,1,1,3834.0,2834.0,1.0,2022-05-19 08:10:09
2022-05-19 21:10:10,2022-05-20,2022-05-19 21:10:10.418,J,Fut0_J2209,3334.0,3359.5,3315.5,0.0,3328.5,4187,29349,3329.0,3326.5,2,2,3834.0,2834.0,1.0,2022-05-19 08:10:10
2022-05-19 21:10:11,2022-05-20,2022-05-19 21:10:11.593,J,Fut0_J2209,3334.0,3359.5,3315.5,0.0,3328.5,4187,29349,3328.5,3327.5,5,1,3834.0,2834.0,1.0,2022-05-19 08:10:11
2022-05-19 21:10:12,2022-05-20,2022-05-19 21:10:12.494,J,Fut0_J2209,3334.0,3359.5,3315.5,0.0,3328.5,4199,29351,3328.5,3327.0,7,1,3834.0,2834.0,1.0,2022-05-19 08:10:12
