symbol,open,last,volume,askPrice1,bidPrice1,UTC
Fut0_J2209,3334.0,3335.0,155,3341.5,3334.5,2022-05-19 08:00:00
Fut0_J2209,3334.0,3339.0,241,3339.0,3335.5,2022-05-19 08:00:01
Fut0_J2209,3334.0,3338.0,290,3338.0,3336.0,2022-05-19 08:00:02
Fut0_J2209,3334.0,3337.5,346,3340.0,3338.5,2022-05-19 08:00:03
Fut0_J2209,3334.0,3339.0,368,3341.5,3339.0,2022-05-19 08:00:04
Fut0_J2209,3334.0,3338.0,401,3340.0,3338.0,2022-05-19 08:00:05
Fut0_J2209,3334.0,3348.0,434,3348.0,3344.0,2022-05-19 08:00:06
Fut0_J2209,3334.0,3346.0,444,3347.0,3344.5,2022-05-19 08:00:07
Fut0_J2209,3334.0,3347.0,453,3346.5,3344.0,2022-05-19 08:00:08
Fut0_J2209,3334.0,3348.0,505,3345.5,3343.0,2022-05-19 08:00:09
Fut0_J2209,3334.0,3347.0,539,3348.5,3348.0,2022-05-19 08:00:10
Fut0_J2209,3334.0,3350.0,569,3350.0,3347.5,2022-05-19 08:00:11
Fut0_J2209,3334.0,3349.0,619,3352.0,3349.0,2022-05-19 08:00:12
Fut0_J2209,3334.0,3356.0,633,3356.0,3350.5,2022-05-19 08:00:13
Fut0_J2209,3334.0,3355.5,658,3353.5,3350.5,2022-05-19 08:00:14
Fut0_J2209,3334.0,3351.0,673,3353.0,3351.0,2022-05-19 08:00:15
Fut0_J2209,3334.0,3352.5,693,3353.5,3353.0,2022-05-19 08:00:16
Fut0_J2209,3334.0,3353.0,711,3355.0,3353.0,2022-05-19 08:00:17
Fut0_J2209,3334.0,3356.5,758,3358.5,3357.5,2022-05-19 08:00:18
Fut0_J2209,3334.0,3357.5,781,3358.0,3357.5,2022-05-19 08:00:19
Fut0_J2209,3334.0,3358.5,797,3359.5,3358.5,2022-05-19 08:00:20
Fut0_J2209,3334.0,3357.5,819,3358.5,3357.5,2022-05-19 08:00:21
Fut0_J2209,3334.0,3357.5,848,3357.5,3355.0,2022-05-19 08:00:22
Fut0_J2209,3334.0,3357.5,865,3357.0,3355.0,2022-05-19 08:00:23
Fut0_J2209,3334.0,3355.0,867,3355.5,3353.5,2022-05-19 08:00:24
Fut0_J2209,3334.0,3354.5,875,3354.5,3353.5,2022-05-19 08:00:25
Fut0_J2209,3334.0,3353.5,880,3353.5,3353.0,2022-05-19 08:00:26
Fut0_J2209,3334.0,3353.0,886,3353.0,3351.0,2022-05-19 08:00:27
Fut0_J2209,3334.0,3351.5,899,3351.5,3351.0,2022-05-19 08:00:28
Fut0_J2209,3334.0,3353.0,912,3353.5,3353.0,2022-05-19 08:00:29
Fut0_J2209,3334.0,3353.5,928,3354.0,3353.0,2022-05-19 08:00:30
Fut0_J2209,3334.0,3353.5,950,3353.5,3351.5,2022-05-19 08:00:31
Fut0_J2209,3334.0,3353.5,955,3354.0,3353.5,2022-05-19 08:00:32
Fut0_J2209,3334.0,3351.5,961,3351.0,3350.0,2022-05-19 08:00:33
Fut0_J2209,3334.0,3350.0,965,3353.0,3350.0,2022-05-19 08:00:34
Fut0_J2209,3334.0,3351.5,971,3352.0,3350.5,2022-05-19 08:00:35
Fut0_J2209,3334.0,3354.0,988,3354.0,3353.5,2022-05-19 08:00:36
Fut0_J2209,3334.0,3354.5,994,3355.0,3354.5,2022-05-19 08:00:37
Fut0_J2209,3334.0,3355.5,1004,3355.0,3354.5,2022-05-19 08:00:38
Fut0_J2209,3334.0,3353.5,1012,3355.0,3353.5,2022-05-19 08:00:39
Fut0_J2209,3334.0,3353.5,1021,3354.5,3353.5,2022-05-19 08:00:40
Fut0_J2209,3334.0,3353.5,1032,3355.0,3353.5,2022-05-19 08:00:41
Fut0_J2209,3334.0,3353.5,1044,3355.0,3353.5,2022-05-19 08:00:42
Fut0_J2209,3334.0,3354.5,1046,3355.0,3353.5,2022-05-19 08:00:43
Fut0_J2209,3334.0,3355.0,1054,3355.0,3354.0,2022-05-19 08:00:44
Fut0_J2209,3334.0,3354.0,1062,3354.0,3353.5,2022-05-19 08:00:45
Fut0_J2209,3334.0,3351.5,1069,3352.0,3350.5,2022-05-19 08:00:46
Fut0_J2209,3334.0,3350.5,1072,3351.5,3350.0,2022-05-19 08:00:47
Fut0_J2209,3334.0,3350.5,1082,3352.0,3350.0,2022-05-19 08:00:48
Fut0_J2209,3334.0,3350.5,1082,3351.5,3350.0,2022-05-19 08:00:49
Fut0_J2209,3334.0,3351.5,1084,3351.5,3350.0,2022-05-19 08:00:50
Fut0_J2209,3334.0,3351.5,1088,3352.0,3351.0,2022-05-19 08:00:51
Fut0_J2209,3334.0,3351.5,1097,3352.0,3351.5,2022-05-19 08:00:52
Fut0_J2209,3334.0,3352.0,1101,3353.5,3351.5,2022-05-19 08:00:53
Fut0_J2209,3334.0,3350.5,1151,3353.5,3352.5,2022-05-19 08:00:54
Fut0_J2209,3334.0,3354.5,1162,3355.0,3354.0,2022-05-19 08:00:55
Fut0_J2209,3334.0,3354.5,1162,3354.5,3354.0,2022-05-19 08:00:56
Fut0_J2209,3334.0,3354.5,1166,3354.0,3353.5,2022-05-19 08:00:57
Fut0_J2209,3334.0,3354.0,1168,3354.5,3353.5,2022-05-19 08:00:58
Fut0_J2209,3334.0,3353.5,1172,3354.0,3350.5,2022-05-19 08:00:59
Fut0_J2209,3334.0,3352.0,1184,3353.5,3350.5,2022-05-19 08:01:00
Fut0_J2209,3334.0,3352.5,1190,3352.5,3351.5,2022-05-19 08:01:01
Fut0_J2209,3334.0,3350.5,1196,3351.5,3350.5,2022-05-19 08:01:02
Fut0_J2209,3334.0,3353.0,1208,3353.5,3353.0,2022-05-19 08:01:03
Fut0_J2209,3334.0,3353.0,1209,3353.0,3351.0,2022-05-19 08:01:04
Fut0_J2209,3334.0,3353.0,1213,3353.0,3352.5,2022-05-19 08:01:05
Fut0_J2209,3334.0,3352.5,1220,3352.5,3351.5,2022-05-19 08:01:06
Fut0_J2209,3334.0,3352.5,1251,3353.0,3352.0,2022-05-19 08:01:07
Fut0_J2209,3334.0,3352.0,1263,3353.5,3351.0,2022-05-19 08:01:08
Fut0_J2209,3334.0,3353.5,1264,3353.5,3352.5,2022-05-19 08:01:09
Fut0_J2209,3334.0,3352.0,1265,3351.5,3351.0,2022-05-19 08:01:10
Fut0_J2209,3334.0,3352.5,1268,3353.5,3351.0,2022-05-19 08:01:11
Fut0_J2209,3334.0,3351.0,1276,3352.0,3350.5,2022-05-19 08:01:12
Fut0_J2209,3334.0,3351.0,1278,3352.0,3350.5,2022-05-19 08:01:13
Fut0_J2209,3334.0,3350.0,1282,3351.0,3350.0,2022-05-19 08:01:14
Fut0_J2209,3334.0,3351.0,1298,3352.0,3351.0,2022-05-19 08:01:15
Fut0_J2209,3334.0,3351.0,1306,3350.5,3349.5,2022-05-19 08:01:16
Fut0_J2209,3334.0,3350.5,1307,3350.5,3349.5,2022-05-19 08:01:17
Fut0_J2209,3334.0,3349.5,1312,3350.5,3349.5,2022-05-19 08:01:18
Fut0_J2209,3334.0,3350.5,1315,3350.0,3349.5,2022-05-19 08:01:19
Fut0_J2209,3334.0,3349.5,1317,3349.5,3349.0,2022-05-19 08:01:20
Fut0_J2209,3334.0,3350.0,1331,3350.5,3348.5,2022-05-19 08:01:21
Fut0_J2209,3334.0,3348.5,1332,3350.0,3347.5,2022-05-19 08:01:23
Fut0_J2209,3334.0,3347.5,1334,3349.5,3347.5,2022-05-19 08:01:24
Fut0_J2209,3334.0,3347.5,1347,3349.0,3347.5,2022-05-19 08:01:25
Fut0_J2209,3334.0,3347.5,1353,3347.5,3347.0,2022-05-19 08:01:26
Fut0_J2209,3334.0,3347.5,1363,3347.5,3346.5,2022-05-19 08:01:27
Fut0_J2209,3334.0,3347.5,1375,3347.5,3347.0,2022-05-19 08:01:28
Fut0_J2209,3334.0,3347.5,1386,3349.0,3348.0,2022-05-19 08:01:29
Fut0_J2209,3334.0,3347.0,1396,3347.0,3346.5,2022-05-19 08:01:30
Fut0_J2209,3334.0,3347.0,1404,3346.5,3345.5,2022-05-19 08:01:31
Fut0_J2209,3334.0,3345.0,1412,3345.0,3344.0,2022-05-19 08:01:32
Fut0_J2209,3334.0,3345.0,1417,3345.0,3343.0,2022-05-19 08:01:33
Fut0_J2209,3334.0,3343.5,1420,3345.0,3343.5,2022-05-19 08:01:34
Fut0_J2209,3334.0,3343.5,1423,3344.5,3344.0,2022-05-19 08:01:35
Fut0_J2209,3334.0,3345.0,1429,3346.0,3345.0,2022-05-19 08:01:36
Fut0_J2209,3334.0,3345.0,1433,3345.5,3344.5,2022-05-19 08:01:37
Fut0_J2209,3334.0,3346.0,1439,3346.0,3344.5,2022-05-19 08:01:38
Fut0_J2209,3334.0,3345.0,1445,3346.0,3345.0,2022-05-19 08:01:39
Fut0_J2209,3334.0,3344.0,1450,3345.5,3344.0,2022-05-19 08:01:40
Fut0_J2209,3334.0,3344.5,1454,3344.5,3343.5,2022-05-19 08:01:41
Fut0_J2209,3334.0,3344.0,1456,3344.5,3343.5,2022-05-19 08:01:42
Fut0_J2209,3334.0,3344.5,1458,3344.5,3343.5,2022-05-19 08:01:43
Fut0_J2209,3334.0,3343.5,1462,3345.0,3344.5,2022-05-19 08:01:44
Fut0_J2209,3334.0,3345.0,1471,3344.0,3343.5,2022-05-19 08:01:45
Fut0_J2209,3334.0,3344.0,1473,3344.0,3343.5,2022-05-19 08:01:46
Fut0_J2209,3334.0,3344.0,1474,3344.5,3344.0,2022-05-19 08:01:47
Fut0_J2209,3334.0,3344.0,1486,3344.5,3344.0,2022-05-19 08:01:48
Fut0_J2209,3334.0,3344.0,1496,3345.0,3343.5,2022-05-19 08:01:49
Fut0_J2209,3334.0,3344.0,1496,3344.0,3343.5,2022-05-19 08:01:50
Fut0_J2209,3334.0,3344.0,1502,3345.0,3344.0,2022-05-19 08:01:51
Fut0_J2209,3334.0,3345.0,1505,3345.5,3345.0,2022-05-19 08:01:52
Fut0_J2209,3334.0,3345.5,1508,3345.5,3345.0,2022-05-19 08:01:53
Fut0_J2209,3334.0,3345.0,1509,3345.5,3345.0,2022-05-19 08:01:54
Fut0_J2209,3334.0,3345.0,1509,3345.5,3345.0,2022-05-19 08:01:55
Fut0_J2209,3334.0,3345.5,1516,3345.5,3345.0,2022-05-19 08:01:56
Fut0_J2209,3334.0,3345.0,1519,3345.0,3344.5,2022-05-19 08:01:57
Fut0_J2209,3334.0,3345.0,1520,3345.0,3344.5,2022-05-19 08:01:58
Fut0_J2209,3334.0,3345.0,1523,3345.0,3344.0,2022-05-19 08:01:59
Fut0_J2209,3334.0,3344.0,1526,3344.5,3343.5,2022-05-19 08:02:00
Fut0_J2209,3334.0,3343.0,1536,3343.0,3342.5,2022-05-19 08:02:01
Fut0_J2209,3334.0,3343.0,1542,3342.5,3342.0,2022-05-19 08:02:02
Fut0_J2209,3334.0,3341.0,1573,3343.0,3341.0,2022-05-19 08:02:03
Fut0_J2209,3334.0,3341.0,1574,3343.0,3342.0,2022-05-19 08:02:04
Fut0_J2209,3334.0,3341.0,1578,3343.0,3341.5,2022-05-19 08:02:05
Fut0_J2209,3334.0,3342.0,1581,3342.0,3341.5,2022-05-19 08:02:06
Fut0_J2209,3334.0,3342.0,1583,3343.0,3342.0,2022-05-19 08:02:07
Fut0_J2209,3334.0,3342.0,1591,3344.0,3342.0,2022-05-19 08:02:08
Fut0_J2209,3334.0,3342.0,1591,3344.0,3342.0,2022-05-19 08:02:09
Fut0_J2209,3334.0,3342.0,1614,3342.5,3341.0,2022-05-19 08:02:10
Fut0_J2209,3334.0,3342.5,1615,3343.0,3342.5,2022-05-19 08:02:11
Fut0_J2209,3334.0,3342.5,1615,3343.0,3342.5,2022-05-19 08:02:12
Fut0_J2209,3334.0,3343.0,1623,3342.5,3340.5,2022-05-19 08:02:13
Fut0_J2209,3334.0,3343.0,1628,3343.5,3343.0,2022-05-19 08:02:14
Fut0_J2209,3334.0,3343.5,1630,3344.0,3343.0,2022-05-19 08:02:15
Fut0_J2209,3334.0,3344.5,1642,3345.0,3344.0,2022-05-19 08:02:16
Fut0_J2209,3334.0,3345.5,1656,3346.0,3345.0,2022-05-19 08:02:17
Fut0_J2209,3334.0,3345.0,1657,3346.0,3345.0,2022-05-19 08:02:18
Fut0_J2209,3334.0,3346.0,1660,3346.0,3345.0,2022-05-19 08:02:19
Fut0_J2209,3334.0,3346.0,1661,3346.0,3345.0,2022-05-19 08:02:20
Fut0_J2209,3334.0,3346.0,1662,3346.0,3345.0,2022-05-19 08:02:21
Fut0_J2209,3334.0,3346.0,1666,3346.0,3345.0,2022-05-19 08:02:22
Fut0_J2209,3334.0,3346.0,1667,3345.5,3345.0,2022-05-19 08:02:23
Fut0_J2209,3334.0,3346.0,1675,3346.5,3343.0,2022-05-19 08:02:24
Fut0_J2209,3334.0,3346.0,1676,3345.5,3344.5,2022-05-19 08:02:25
Fut0_J2209,3334.0,3346.0,1676,3345.0,3344.5,2022-05-19 08:02:27
Fut0_J2209,3334.0,3345.5,1681,3346.5,3345.0,2022-05-19 08:02:28
Fut0_J2209,3334.0,3346.5,1695,3347.0,3343.5,2022-05-19 08:02:29
Fut0_J2209,3334.0,3346.5,1697,3346.0,3345.0,2022-05-19 08:02:30
Fut0_J2209,3334.0,3345.5,1700,3345.5,3345.0,2022-05-19 08:02:31
Fut0_J2209,3334.0,3346.0,1705,3346.5,3345.0,2022-05-19 08:02:32
Fut0_J2209,3334.0,3346.5,1706,3347.0,3346.5,2022-05-19 08:02:33
Fut0_J2209,3334.0,3346.5,1712,3347.5,3346.5,2022-05-19 08:02:34
Fut0_J2209,3334.0,3346.5,1719,3347.5,3346.5,2022-05-19 08:02:36
Fut0_J2209,3334.0,3347.0,1722,3347.5,3346.5,2022-05-19 08:02:37
Fut0_J2209,3334.0,3348.0,1727,3348.0,3347.5,2022-05-19 08:02:38
Fut0_J2209,3334.0,3348.0,1731,3349.0,3348.0,2022-05-19 08:02:39
Fut0_J2209,3334.0,3348.0,1732,3348.5,3347.5,2022-05-19 08:02:40
Fut0_J2209,3334.0,3334.0,1834,3348.5,3334.0,2022-05-19 08:02:41
Fut0_J2209,3334.0,3340.0,1868,3340.0,3338.5,2022-05-19 08:02:42
Fut0_J2209,3334.0,3338.0,1891,3344.5,3339.5,2022-05-19 08:02:43
Fut0_J2209,3334.0,3338.0,1891,3341.5,3340.0,2022-05-19 08:02:44
Fut0_J2209,3334.0,3344.0,1892,3341.5,3340.0,2022-05-19 08:02:45
Fut0_J2209,3334.0,3342.5,1897,3344.5,3342.0,2022-05-19 08:02:46
Fut0_J2209,3334.0,3342.0,1902,3342.0,3341.5,2022-05-19 08:02:47
Fut0_J2209,3334.0,3342.0,1913,3343.0,3342.0,2022-05-19 08:02:48
Fut0_J2209,3334.0,3342.0,1914,3342.0,3341.0,2022-05-19 08:02:49
Fut0_J2209,3334.0,3343.0,1925,3341.0,3339.0,2022-05-19 08:02:50
Fut0_J2209,3334.0,3341.0,1928,3341.5,3340.0,2022-05-19 08:02:51
Fut0_J2209,3334.0,3340.0,1935,3341.5,3340.5,2022-05-19 08:02:52
Fut0_J2209,3334.0,3340.5,1938,3340.0,3338.5,2022-05-19 08:02:53
Fut0_J2209,3334.0,3340.0,1942,3340.0,3339.0,2022-05-19 08:02:54
Fut0_J2209,3334.0,3340.0,1942,3341.0,3340.0,2022-05-19 08:02:55
Fut0_J2209,3334.0,3341.5,1948,3343.5,3341.5,2022-05-19 08:02:56
Fut0_J2209,3334.0,3341.5,1948,3343.5,3341.5,2022-05-19 08:02:57
Fut0_J2209,3334.0,3342.0,1951,3342.5,3341.5,2022-05-19 08:02:58
Fut0_J2209,3334.0,3341.5,1954,3342.5,3341.5,2022-05-19 08:02:59
Fut0_J2209,3334.0,3342.0,1955,3342.5,3341.5,2022-05-19 08:03:00
Fut0_J2209,3334.0,3341.5,1961,3343.5,3342.0,2022-05-19 08:03:01
Fut0_J2209,3334.0,3343.5,1964,3343.5,3342.0,2022-05-19 08:03:02
Fut0_J2209,3334.0,3344.5,1971,3345.0,3343.5,2022-05-19 08:03:03
Fut0_J2209,3334.0,3344.0,1973,3345.0,3344.0,2022-05-19 08:03:04
Fut0_J2209,3334.0,3345.0,1976,3345.0,3344.5,2022-05-19 08:03:05
Fut0_J2209,3334.0,3344.5,1986,3347.0,3344.0,2022-05-19 08:03:06
Fut0_J2209,3334.0,3345.5,1991,3347.0,3345.5,2022-05-19 08:03:07
Fut0_J2209,3334.0,3347.0,1994,3347.5,3346.0,2022-05-19 08:03:08
Fut0_J2209,3334.0,3345.5,2000,3346.5,3345.5,2022-05-19 08:03:09
Fut0_J2209,3334.0,3345.5,2001,3346.0,3344.0,2022-05-19 08:03:10
Fut0_J2209,3334.0,3345.5,2001,3346.0,3344.5,2022-05-19 08:03:11
Fut0_J2209,3334.0,3346.0,2002,3345.5,3344.5,2022-05-19 08:03:12
Fut0_J2209,3334.0,3346.0,2007,3347.0,3345.5,2022-05-19 08:03:13
Fut0_J2209,3334.0,3346.0,2008,3346.0,3345.5,2022-05-19 08:03:14
Fut0_J2209,3334.0,3346.0,2009,3347.5,3345.5,2022-05-19 08:03:15
Fut0_J2209,3334.0,3346.0,2009,3346.5,3345.5,2022-05-19 08:03:16
Fut0_J2209,3334.0,3347.0,2011,3347.0,3346.0,2022-05-19 08:03:17
Fut0_J2209,3334.0,3345.5,2021,3347.0,3345.5,2022-05-19 08:03:18
Fut0_J2209,3334.0,3347.0,2023,3347.0,3345.5,2022-05-19 08:03:19
Fut0_J2209,3334.0,3347.0,2030,3347.0,3345.5,2022-05-19 08:03:20
Fut0_J2209,3334.0,3347.0,2031,3347.5,3345.5,2022-05-19 08:03:21
Fut0_J2209,3334.0,3347.5,2033,3347.5,3347.0,2022-05-19 08:03:22
Fut0_J2209,3334.0,3348.5,2047,3349.0,3347.5,2022-05-19 08:03:23
Fut0_J2209,3334.0,3349.0,2048,3349.0,3347.5,2022-05-19 08:03:25
Fut0_J2209,3334.0,3347.5,2054,3347.0,3346.5,2022-05-19 08:03:26
Fut0_J2209,3334.0,3346.0,2096,3346.0,3345.0,2022-05-19 08:03:27
Fut0_J2209,3334.0,3345.0,2107,3345.0,3344.0,2022-05-19 08:03:28
Fut0_J2209,3334.0,3344.0,2109,3344.0,3343.5,2022-05-19 08:03:29
Fut0_J2209,3334.0,3343.5,2116,3344.0,3342.5,2022-05-19 08:03:30
Fut0_J2209,3334.0,3343.5,2116,3343.5,3343.0,2022-05-19 08:03:31
Fut0_J2209,3334.0,3343.5,2123,3343.5,3343.0,2022-05-19 08:03:32
Fut0_J2209,3334.0,3343.5,2129,3344.0,3343.0,2022-05-19 08:03:33
Fut0_J2209,3334.0,3343.0,2131,3343.5,3343.0,2022-05-19 08:03:34
Fut0_J2209,3334.0,3343.5,2136,3344.0,3343.0,2022-05-19 08:03:35
Fut0_J2209,3334.0,3343.0,2139,3343.0,3342.5,2022-05-19 08:03:36
Fut0_J2209,3334.0,3343.0,2142,3343.0,3342.5,2022-05-19 08:03:37
Fut0_J2209,3334.0,3342.5,2143,3343.0,3342.5,2022-05-19 08:03:38
Fut0_J2209,3334.0,3343.0,2148,3342.5,3342.0,2022-05-19 08:03:39
Fut0_J2209,3334.0,3341.5,2154,3341.5,3341.0,2022-05-19 08:03:40
Fut0_J2209,3334.0,3341.5,2156,3341.5,3341.0,2022-05-19 08:03:41
Fut0_J2209,3334.0,3341.5,2157,3341.5,3341.0,2022-05-19 08:03:42
Fut0_J2209,3334.0,3342.0,2164,3342.5,3341.5,2022-05-19 08:03:43
Fut0_J2209,3334.0,3341.5,2165,3342.5,3341.5,2022-05-19 08:03:44
Fut0_J2209,3334.0,3341.5,2170,3343.0,3341.5,2022-05-19 08:03:45
Fut0_J2209,3334.0,3343.0,2171,3343.0,3342.0,2022-05-19 08:03:46
Fut0_J2209,3334.0,3343.0,2189,3344.0,3343.0,2022-05-19 08:03:48
Fut0_J2209,3334.0,3343.0,2192,3343.0,3342.5,2022-05-19 08:03:49
Fut0_J2209,3334.0,3343.5,2198,3344.0,3343.0,2022-05-19 08:03:50
Fut0_J2209,3334.0,3344.0,2201,3344.0,3343.0,2022-05-19 08:03:52
Fut0_J2209,3334.0,3344.0,2202,3344.0,3343.0,2022-05-19 08:03:53
Fut0_J2209,3334.0,3343.0,2206,3343.0,3342.5,2022-05-19 08:03:54
Fut0_J2209,3334.0,3343.0,2210,3343.0,3342.0,2022-05-19 08:03:56
Fut0_J2209,3334.0,3343.0,2210,3343.0,3342.0,2022-05-19 08:03:57
Fut0_J2209,3334.0,3343.0,2210,3342.5,3342.0,2022-05-19 08:03:58
Fut0_J2209,3334.0,3343.0,2210,3342.5,3342.0,2022-05-19 08:03:59
Fut0_J2209,3334.0,3342.5,2213,3342.5,3342.0,2022-05-19 08:04:00
Fut0_J2209,3334.0,3341.5,2221,3342.5,3341.5,2022-05-19 08:04:01
Fut0_J2209,3334.0,3342.0,2228,3342.0,3341.0,2022-05-19 08:04:02
Fut0_J2209,3334.0,3341.0,2232,3341.5,3341.0,2022-05-19 08:04:03
Fut0_J2209,3334.0,3340.0,2252,3339.5,3339.0,2022-05-19 08:04:04
Fut0_J2209,3334.0,3338.5,2258,3339.0,3338.0,2022-05-19 08:04:05
Fut0_J2209,3334.0,3339.0,2266,3339.0,3336.5,2022-05-19 08:04:06
Fut0_J2209,3334.0,3337.0,2272,3339.5,3337.0,2022-05-19 08:04:07
Fut0_J2209,3334.0,3339.5,2277,3339.5,3337.5,2022-05-19 08:04:08
Fut0_J2209,3334.0,3338.0,2279,3339.5,3337.0,2022-05-19 08:04:09
Fut0_J2209,3334.0,3336.0,2288,3338.0,3335.5,2022-05-19 08:04:10
Fut0_J2209,3334.0,3336.5,2289,3337.0,3336.0,2022-05-19 08:04:11
Fut0_J2209,3334.0,3337.0,2293,3337.5,3335.5,2022-05-19 08:04:12
Fut0_J2209,3334.0,3336.0,2296,3338.0,3335.5,2022-05-19 08:04:13
Fut0_J2209,3334.0,3335.0,2303,3335.5,3334.5,2022-05-19 08:04:14
Fut0_J2209,3334.0,3335.5,2311,3337.0,3335.5,2022-05-19 08:04:15
Fut0_J2209,3334.0,3335.5,2313,3335.5,3335.0,2022-05-19 08:04:16
Fut0_J2209,3334.0,3335.5,2314,3335.5,3335.0,2022-05-19 08:04:17
Fut0_J2209,3334.0,3335.0,2321,3335.0,3334.5,2022-05-19 08:04:18
Fut0_J2209,3334.0,3335.0,2328,3336.0,3335.5,2022-05-19 08:04:19
Fut0_J2209,3334.0,3335.0,2341,3335.0,3334.5,2022-05-19 08:04:20
Fut0_J2209,3334.0,3336.0,2347,3336.0,3334.5,2022-05-19 08:04:21
Fut0_J2209,3334.0,3334.5,2349,3335.0,3334.5,2022-05-19 08:04:22
Fut0_J2209,3334.0,3334.0,2367,3334.0,3333.5,2022-05-19 08:04:23
Fut0_J2209,3334.0,3333.5,2370,3333.5,3333.0,2022-05-19 08:04:24
Fut0_J2209,3334.0,3333.0,2394,3333.5,3333.0,2022-05-19 08:04:25
Fut0_J2209,3334.0,3332.0,2406,3333.0,3332.0,2022-05-19 08:04:26
Fut0_J2209,3334.0,3331.0,2418,3333.0,3332.0,2022-05-19 08:04:27
Fut0_J2209,3334.0,3330.5,2429,3331.0,3330.5,2022-05-19 08:04:28
Fut0_J2209,3334.0,3330.5,2439,3330.5,3330.0,2022-05-19 08:04:29
Fut0_J2209,3334.0,3330.0,2447,3330.0,3329.0,2022-05-19 08:04:30
Fut0_J2209,3334.0,3328.0,2461,3327.5,3326.0,2022-05-19 08:04:31
Fut0_J2209,3334.0,3325.0,2471,3325.5,3325.0,2022-05-19 08:04:32
Fut0_J2209,3334.0,3325.0,2478,3324.5,3323.0,2022-05-19 08:04:33
Fut0_J2209,3334.0,3325.0,2490,3325.5,3325.0,2022-05-19 08:04:34
Fut0_J2209,3334.0,3325.5,2507,3325.5,3325.0,2022-05-19 08:04:35
Fut0_J2209,3334.0,3325.5,2513,3327.5,3326.0,2022-05-19 08:04:36
Fut0_J2209,3334.0,3327.5,2518,3328.0,3326.5,2022-05-19 08:04:37
Fut0_J2209,3334.0,3327.5,2520,3328.0,3326.5,2022-05-19 08:04:38
Fut0_J2209,3334.0,3328.0,2525,3328.5,3326.5,2022-05-19 08:04:39
Fut0_J2209,3334.0,3329.0,2530,3329.0,3328.5,2022-05-19 08:04:40
Fut0_J2209,3334.0,3329.0,2535,3330.0,3329.0,2022-05-19 08:04:41
Fut0_J2209,3334.0,3330.0,2550,3330.0,3329.0,2022-05-19 08:04:42
Fut0_J2209,3334.0,3329.0,2558,3329.0,3328.0,2022-05-19 08:04:43
Fut0_J2209,3334.0,3329.0,2561,3329.0,3328.0,2022-05-19 08:04:44
Fut0_J2209,3334.0,3328.0,2567,3329.0,3327.5,2022-05-19 08:04:45
Fut0_J2209,3334.0,3329.0,2576,3329.5,3328.0,2022-05-19 08:04:46
Fut0_J2209,3334.0,3329.0,2584,3330.0,3328.0,2022-05-19 08:04:47
Fut0_J2209,3334.0,3329.5,2593,3329.5,3328.0,2022-05-19 08:04:48
Fut0_J2209,3334.0,3328.5,2595,3329.0,3327.5,2022-05-19 08:04:49
Fut0_J2209,3334.0,3330.5,2605,3329.5,3328.0,2022-05-19 08:04:50
Fut0_J2209,3334.0,3328.5,2612,3328.5,3328.0,2022-05-19 08:04:51
Fut0_J2209,3334.0,3328.5,2613,3328.0,3327.5,2022-05-19 08:04:52
Fut0_J2209,3334.0,3328.0,2624,3328.0,3327.0,2022-05-19 08:04:53
Fut0_J2209,3334.0,3328.0,2630,3328.0,3327.0,2022-05-19 08:04:54
Fut0_J2209,3334.0,3328.5,2639,3330.0,3328.0,2022-05-19 08:04:55
Fut0_J2209,3334.0,3328.0,2640,3329.5,3328.0,2022-05-19 08:04:56
Fut0_J2209,3334.0,3328.0,2649,3328.0,3327.0,2022-05-19 08:04:57
Fut0_J2209,3334.0,3328.0,2649,3328.0,3327.5,2022-05-19 08:04:58
Fut0_J2209,3334.0,3328.0,2657,3327.5,3327.0,2022-05-19 08:04:59
Fut0_J2209,3334.0,3326.5,2666,3327.5,3326.5,2022-05-19 08:05:00
Fut0_J2209,3334.0,3327.0,2683,3329.0,3327.0,2022-05-19 08:05:01
Fut0_J2209,3334.0,3328.0,2685,3328.5,3326.0,2022-05-19 08:05:02
Fut0_J2209,3334.0,3327.5,2688,3328.5,3328.0,2022-05-19 08:05:03
Fut0_J2209,3334.0,3328.0,2690,3329.0,3327.0,2022-05-19 08:05:04
Fut0_J2209,3334.0,3327.5,2694,3327.5,3327.0,2022-05-19 08:05:05
Fut0_J2209,3334.0,3326.5,2713,3328.5,3327.0,2022-05-19 08:05:06
Fut0_J2209,3334.0,3326.5,2745,3328.5,3326.0,2022-05-19 08:05:07
Fut0_J2209,3334.0,3326.5,2745,3328.5,3327.0,2022-05-19 08:05:08
Fut0_J2209,3334.0,3328.5,2748,3328.5,3328.0,2022-05-19 08:05:09
Fut0_J2209,3334.0,3328.5,2748,3328.5,3328.0,2022-05-19 08:05:10
Fut0_J2209,3334.0,3328.0,2751,3328.5,3327.5,2022-05-19 08:05:11
Fut0_J2209,3334.0,3328.0,2754,3328.5,3328.0,2022-05-19 08:05:12
Fut0_J2209,3334.0,3328.0,2767,3328.5,3327.0,2022-05-19 08:05:13
Fut0_J2209,3334.0,3328.5,2777,3330.0,3329.0,2022-05-19 08:05:14
Fut0_J2209,3334.0,3331.0,2786,3331.0,3330.5,2022-05-19 08:05:15
Fut0_J2209,3334.0,3331.0,2788,3331.5,3330.0,2022-05-19 08:05:16
Fut0_J2209,3334.0,3331.5,2791,3331.5,3331.0,2022-05-19 08:05:17
Fut0_J2209,3334.0,3331.5,2794,3332.0,3330.0,2022-05-19 08:05:18
Fut0_J2209,3334.0,3331.5,2796,3332.0,3331.5,2022-05-19 08:05:19
Fut0_J2209,3334.0,3331.5,2800,3332.0,3330.0,2022-05-19 08:05:20
Fut0_J2209,3334.0,3332.0,2804,3332.0,3330.0,2022-05-19 08:05:21
Fut0_J2209,3334.0,3332.0,2813,3331.5,3330.0,2022-05-19 08:05:22
Fut0_J2209,3334.0,3331.5,2815,3332.0,3331.5,2022-05-19 08:05:23
Fut0_J2209,3334.0,3332.0,2816,3332.0,3331.5,2022-05-19 08:05:24
Fut0_J2209,3334.0,3332.0,2824,3332.5,3331.5,2022-05-19 08:05:25
Fut0_J2209,3334.0,3332.0,2824,3332.5,3331.5,2022-05-19 08:05:26
Fut0_J2209,3334.0,3332.5,2827,3334.0,3332.5,2022-05-19 08:05:27
Fut0_J2209,3334.0,3334.0,2832,3334.0,3333.0,2022-05-19 08:05:28
Fut0_J2209,3334.0,3333.5,2835,3334.0,3332.5,2022-05-19 08:05:30
Fut0_J2209,3334.0,3333.0,2837,3334.5,3333.0,2022-05-19 08:05:31
Fut0_J2209,3334.0,3332.5,2838,3333.5,3332.5,2022-05-19 08:05:32
Fut0_J2209,3334.0,3334.5,2842,3334.0,3332.5,2022-05-19 08:05:33
Fut0_J2209,3334.0,3334.0,2854,3334.5,3334.0,2022-05-19 08:05:35
Fut0_J2209,3334.0,3332.5,2863,3333.5,3332.0,2022-05-19 08:05:36
Fut0_J2209,3334.0,3334.5,2872,3334.5,3333.0,2022-05-19 08:05:37
Fut0_J2209,3334.0,3334.5,2872,3334.5,3333.0,2022-05-19 08:05:38
Fut0_J2209,3334.0,3334.5,2873,3334.0,3333.0,2022-05-19 08:05:39
Fut0_J2209,3334.0,3333.0,2875,3334.5,3332.0,2022-05-19 08:05:40
Fut0_J2209,3334.0,3333.0,2875,3333.0,3332.5,2022-05-19 08:05:41
Fut0_J2209,3334.0,3332.5,2876,3333.0,3332.0,2022-05-19 08:05:42
Fut0_J2209,3334.0,3333.0,2879,3334.5,3333.0,2022-05-19 08:05:43
Fut0_J2209,3334.0,3333.0,2879,3334.5,3333.0,2022-05-19 08:05:44
Fut0_J2209,3334.0,3333.5,2885,3334.5,3334.0,2022-05-19 08:05:45
Fut0_J2209,3334.0,3334.5,2888,3335.0,3334.0,2022-05-19 08:05:46
Fut0_J2209,3334.0,3334.0,2891,3335.0,3333.5,2022-05-19 08:05:47
Fut0_J2209,3334.0,3333.5,2892,3334.0,3333.0,2022-05-19 08:05:48
Fut0_J2209,3334.0,3334.0,2894,3334.5,3333.0,2022-05-19 08:05:49
Fut0_J2209,3334.0,3334.0,2896,3334.5,3333.5,2022-05-19 08:05:50
Fut0_J2209,3334.0,3333.5,2897,3334.5,3333.0,2022-05-19 08:05:51
Fut0_J2209,3334.0,3333.5,2897,3334.5,3334.0,2022-05-19 08:05:52
Fut0_J2209,3334.0,3333.5,2898,3334.5,3334.0,2022-05-19 08:05:53
Fut0_J2209,3334.0,3334.5,2903,3334.5,3334.0,2022-05-19 08:05:54
Fut0_J2209,3334.0,3337.0,2920,3337.0,3336.0,2022-05-19 08:05:55
Fut0_J2209,3334.0,3336.0,2926,3337.0,3336.0,2022-05-19 08:05:56
Fut0_J2209,3334.0,3336.5,2931,3337.5,3337.0,2022-05-19 08:05:57
Fut0_J2209,3334.0,3337.0,2938,3337.0,3334.5,2022-05-19 08:05:58
Fut0_J2209,3334.0,3336.0,2945,3337.0,3335.5,2022-05-19 08:05:59
Fut0_J2209,3334.0,3336.0,2949,3337.5,3336.0,2022-05-19 08:06:00
Fut0_J2209,3334.0,3336.5,2951,3336.5,3336.0,2022-05-19 08:06:01
Fut0_J2209,3334.0,3336.0,2957,3336.0,3335.0,2022-05-19 08:06:02
Fut0_J2209,3334.0,3335.0,2958,3335.0,3334.5,2022-05-19 08:06:03
Fut0_J2209,3334.0,3334.5,2971,3334.5,3334.0,2022-05-19 08:06:04
Fut0_J2209,3334.0,3333.0,2996,3332.5,3332.0,2022-05-19 08:06:05
Fut0_J2209,3334.0,3332.0,3018,3332.0,3331.5,2022-05-19 08:06:06
Fut0_J2209,3334.0,3332.0,3022,3332.0,3330.5,2022-05-19 08:06:07
Fut0_J2209,3334.0,3332.0,3023,3332.0,3330.5,2022-05-19 08:06:08
Fut0_J2209,3334.0,3331.0,3030,3331.5,3330.0,2022-05-19 08:06:09
Fut0_J2209,3334.0,3331.5,3031,3331.5,3330.0,2022-05-19 08:06:10
Fut0_J2209,3334.0,3331.5,3033,3332.5,3332.0,2022-05-19 08:06:11
Fut0_J2209,3334.0,3332.0,3039,3333.5,3331.5,2022-05-19 08:06:13
Fut0_J2209,3334.0,3332.0,3039,3333.5,3331.5,2022-05-19 08:06:14
Fut0_J2209,3334.0,3333.5,3040,3333.0,3331.5,2022-05-19 08:06:15
Fut0_J2209,3334.0,3331.5,3043,3333.0,3331.0,2022-05-19 08:06:16
Fut0_J2209,3334.0,3331.5,3043,3332.5,3330.5,2022-05-19 08:06:17
Fut0_J2209,3334.0,3330.5,3044,3331.5,3330.5,2022-05-19 08:06:18
Fut0_J2209,3334.0,3330.5,3047,3330.5,3330.0,2022-05-19 08:06:19
Fut0_J2209,3334.0,3330.5,3049,3331.5,3330.5,2022-05-19 08:06:20
Fut0_J2209,3334.0,3330.5,3070,3330.5,3328.5,2022-05-19 08:06:21
Fut0_J2209,3334.0,3329.0,3073,3330.0,3328.5,2022-05-19 08:06:22
Fut0_J2209,3334.0,3328.5,3075,3330.0,3328.5,2022-05-19 08:06:23
Fut0_J2209,3334.0,3329.5,3078,3329.5,3328.0,2022-05-19 08:06:24
Fut0_J2209,3334.0,3328.0,3087,3330.0,3327.5,2022-05-19 08:06:26
Fut0_J2209,3334.0,3328.0,3088,3328.0,3327.5,2022-05-19 08:06:27
Fut0_J2209,3334.0,3327.0,3093,3327.0,3326.5,2022-05-19 08:06:28
Fut0_J2209,3334.0,3324.5,3129,3326.5,3324.0,2022-05-19 08:06:29
Fut0_J2209,3334.0,3324.0,3131,3325.5,3324.5,2022-05-19 08:06:30
Fut0_J2209,3334.0,3325.0,3134,3325.5,3325.0,2022-05-19 08:06:31
Fut0_J2209,3334.0,3326.5,3138,3327.5,3326.5,2022-05-19 08:06:32
Fut0_J2209,3334.0,3327.5,3142,3327.5,3326.0,2022-05-19 08:06:33
Fut0_J2209,3334.0,3328.0,3159,3330.0,3328.0,2022-05-19 08:06:34
Fut0_J2209,3334.0,3328.0,3162,3328.5,3327.0,2022-05-19 08:06:35
Fut0_J2209,3334.0,3327.5,3164,3328.0,3327.5,2022-05-19 08:06:36
Fut0_J2209,3334.0,3326.0,3171,3327.0,3326.0,2022-05-19 08:06:37
Fut0_J2209,3334.0,3327.0,3183,3327.5,3327.0,2022-05-19 08:06:38
Fut0_J2209,3334.0,3327.0,3183,3327.5,3327.0,2022-05-19 08:06:39
Fut0_J2209,3334.0,3325.0,3220,3325.0,3323.5,2022-05-19 08:06:40
Fut0_J2209,3334.0,3325.5,3225,3325.5,3325.0,2022-05-19 08:06:41
Fut0_J2209,3334.0,3325.5,3228,3325.5,3324.0,2022-05-19 08:06:42
Fut0_J2209,3334.0,3324.0,3235,3325.5,3323.5,2022-05-19 08:06:43
Fut0_J2209,3334.0,3323.5,3242,3323.5,3323.0,2022-05-19 08:06:44
Fut0_J2209,3334.0,3323.0,3246,3323.5,3323.0,2022-05-19 08:06:45
Fut0_J2209,3334.0,3323.0,3257,3323.5,3323.0,2022-05-19 08:06:46
Fut0_J2209,3334.0,3324.5,3263,3325.0,3323.5,2022-05-19 08:06:47
Fut0_J2209,3334.0,3324.0,3272,3324.0,3323.5,2022-05-19 08:06:48
Fut0_J2209,3334.0,3323.5,3278,3323.5,3323.0,2022-05-19 08:06:49
Fut0_J2209,3334.0,3324.0,3285,3324.0,3323.0,2022-05-19 08:06:50
Fut0_J2209,3334.0,3323.5,3288,3324.0,3323.0,2022-05-19 08:06:51
Fut0_J2209,3334.0,3322.5,3303,3322.5,3322.0,2022-05-19 08:06:52
Fut0_J2209,3334.0,3322.5,3311,3323.0,3322.0,2022-05-19 08:06:53
Fut0_J2209,3334.0,3322.5,3311,3322.5,3322.0,2022-05-19 08:06:54
Fut0_J2209,3334.0,3322.0,3321,3322.0,3321.5,2022-05-19 08:06:55
Fut0_J2209,3334.0,3322.5,3338,3323.0,3322.0,2022-05-19 08:06:56
Fut0_J2209,3334.0,3321.5,3342,3321.5,3321.0,2022-05-19 08:06:57
Fut0_J2209,3334.0,3321.5,3346,3321.5,3320.5,2022-05-19 08:06:58
Fut0_J2209,3334.0,3321.5,3354,3322.0,3320.5,2022-05-19 08:06:59
Fut0_J2209,3334.0,3321.5,3354,3321.5,3320.5,2022-05-19 08:07:00
Fut0_J2209,3334.0,3320.5,3366,3321.0,3320.0,2022-05-19 08:07:01
Fut0_J2209,3334.0,3318.5,3390,3319.5,3318.5,2022-05-19 08:07:02
Fut0_J2209,3334.0,3318.5,3396,3318.5,3318.0,2022-05-19 08:07:03
Fut0_J2209,3334.0,3318.0,3402,3320.0,3318.5,2022-05-19 08:07:04
Fut0_J2209,3334.0,3319.5,3406,3319.5,3319.0,2022-05-19 08:07:05
Fut0_J2209,3334.0,3319.0,3414,3318.5,3318.0,2022-05-19 08:07:06
Fut0_J2209,3334.0,3319.0,3419,3319.0,3318.5,2022-05-19 08:07:07
Fut0_J2209,3334.0,3318.5,3426,3319.5,3318.0,2022-05-19 08:07:08
Fut0_J2209,3334.0,3318.0,3437,3319.0,3318.0,2022-05-19 08:07:09
Fut0_J2209,3334.0,3318.0,3457,3318.0,3317.5,2022-05-19 08:07:10
Fut0_J2209,3334.0,3318.0,3457,3318.0,3317.5,2022-05-19 08:07:11
Fut0_J2209,3334.0,3317.5,3460,3318.0,3316.5,2022-05-19 08:07:12
Fut0_J2209,3334.0,3317.5,3468,3318.0,3317.5,2022-05-19 08:07:13
Fut0_J2209,3334.0,3318.0,3486,3318.0,3317.0,2022-05-19 08:07:14
Fut0_J2209,3334.0,3319.5,3504,3320.5,3320.0,2022-05-19 08:07:15
Fut0_J2209,3334.0,3320.0,3505,3320.0,3318.5,2022-05-19 08:07:16
Fut0_J2209,3334.0,3319.0,3508,3320.0,3319.0,2022-05-19 08:07:17
Fut0_J2209,3334.0,3321.0,3517,3321.5,3321.0,2022-05-19 08:07:18
Fut0_J2209,3334.0,3320.0,3522,3322.0,3320.5,2022-05-19 08:07:19
Fut0_J2209,3334.0,3320.0,3526,3320.5,3319.0,2022-05-19 08:07:20
Fut0_J2209,3334.0,3319.5,3529,3321.5,3319.5,2022-05-19 08:07:21
Fut0_J2209,3334.0,3319.5,3529,3321.5,3320.5,2022-05-19 08:07:22
Fut0_J2209,3334.0,3319.5,3531,3319.5,3319.0,2022-05-19 08:07:23
Fut0_J2209,3334.0,3319.5,3534,3321.0,3319.5,2022-05-19 08:07:24
Fut0_J2209,3334.0,3321.0,3545,3322.0,3321.0,2022-05-19 08:07:25
Fut0_J2209,3334.0,3321.0,3549,3321.5,3320.0,2022-05-19 08:07:27
Fut0_J2209,3334.0,3321.5,3554,3322.0,3320.0,2022-05-19 08:07:28
Fut0_J2209,3334.0,3320.0,3558,3321.5,3319.5,2022-05-19 08:07:29
Fut0_J2209,3334.0,3321.5,3561,3321.0,3319.5,2022-05-19 08:07:30
Fut0_J2209,3334.0,3319.5,3563,3319.5,3319.0,2022-05-19 08:07:31
Fut0_J2209,3334.0,3318.0,3572,3319.5,3318.0,2022-05-19 08:07:32
Fut0_J2209,3334.0,3319.5,3573,3319.0,3318.0,2022-05-19 08:07:33
Fut0_J2209,3334.0,3319.0,3576,3319.0,3318.0,2022-05-19 08:07:34
Fut0_J2209,3334.0,3319.0,3577,3319.0,3318.0,2022-05-19 08:07:35
Fut0_J2209,3334.0,3319.0,3583,3319.5,3318.5,2022-05-19 08:07:36
Fut0_J2209,3334.0,3318.0,3585,3319.5,3318.0,2022-05-19 08:07:37
Fut0_J2209,3334.0,3319.0,3589,3319.5,3318.0,2022-05-19 08:07:38
Fut0_J2209,3334.0,3318.0,3592,3320.0,3319.5,2022-05-19 08:07:39
Fut0_J2209,3334.0,3320.0,3607,3320.0,3318.0,2022-05-19 08:07:40
Fut0_J2209,3334.0,3319.5,3612,3320.0,3319.0,2022-05-19 08:07:41
Fut0_J2209,3334.0,3320.0,3613,3320.0,3319.0,2022-05-19 08:07:42
Fut0_J2209,3334.0,3320.0,3617,3320.0,3319.0,2022-05-19 08:07:43
Fut0_J2209,3334.0,3319.5,3627,3321.0,3319.5,2022-05-19 08:07:44
Fut0_J2209,3334.0,3321.0,3631,3321.5,3320.0,2022-05-19 08:07:45
Fut0_J2209,3334.0,3321.0,3635,3321.5,3319.5,2022-05-19 08:07:46
Fut0_J2209,3334.0,3321.0,3636,3321.5,3319.5,2022-05-19 08:07:47
Fut0_J2209,3334.0,3321.5,3638,3321.0,3320.0,2022-05-19 08:07:48
Fut0_J2209,3334.0,3320.5,3641,3321.5,3319.5,2022-05-19 08:07:49
Fut0_J2209,3334.0,3321.0,3642,3321.0,3319.5,2022-05-19 08:07:50
Fut0_J2209,3334.0,3319.5,3643,3321.0,3319.0,2022-05-19 08:07:51
Fut0_J2209,3334.0,3320.5,3647,3321.0,3320.0,2022-05-19 08:07:52
Fut0_J2209,3334.0,3320.5,3647,3321.0,3319.5,2022-05-19 08:07:53
Fut0_J2209,3334.0,3319.5,3650,3320.0,3319.0,2022-05-19 08:07:54
Fut0_J2209,3334.0,3319.5,3652,3320.0,3319.0,2022-05-19 08:07:55
Fut0_J2209,3334.0,3319.0,3653,3320.0,3318.5,2022-05-19 08:07:56
Fut0_J2209,3334.0,3319.0,3653,3320.0,3319.5,2022-05-19 08:07:57
Fut0_J2209,3334.0,3320.0,3673,3321.5,3319.5,2022-05-19 08:07:58
Fut0_J2209,3334.0,3319.5,3674,3321.5,3319.0,2022-05-19 08:07:59
Fut0_J2209,3334.0,3319.5,3678,3320.0,3319.5,2022-05-19 08:08:00
Fut0_J2209,3334.0,3319.5,3678,3320.0,3319.5,2022-05-19 08:08:01
Fut0_J2209,3334.0,3317.5,3685,3318.0,3317.5,2022-05-19 08:08:02
Fut0_J2209,3334.0,3318.0,3691,3319.5,3319.0,2022-05-19 08:08:03
Fut0_J2209,3334.0,3319.0,3692,3319.0,3318.0,2022-05-19 08:08:04
Fut0_J2209,3334.0,3319.5,3696,3320.0,3319.5,2022-05-19 08:08:05
Fut0_J2209,3334.0,3320.0,3698,3320.5,3320.0,2022-05-19 08:08:06
Fut0_J2209,3334.0,3319.5,3708,3320.0,3319.5,2022-05-19 08:08:07
Fut0_J2209,3334.0,3321.5,3721,3321.5,3320.0,2022-05-19 08:08:09
Fut0_J2209,3334.0,3321.5,3721,3321.0,3320.0,2022-05-19 08:08:10
Fut0_J2209,3334.0,3321.5,3721,3321.0,3320.0,2022-05-19 08:08:11
Fut0_J2209,3334.0,3321.5,3726,3321.5,3320.5,2022-05-19 08:08:12
Fut0_J2209,3334.0,3321.5,3728,3322.0,3321.0,2022-05-19 08:08:13
Fut0_J2209,3334.0,3321.0,3729,3321.5,3321.0,2022-05-19 08:08:14
Fut0_J2209,3334.0,3321.5,3731,3322.0,3321.0,2022-05-19 08:08:15
Fut0_J2209,3334.0,3321.5,3731,3321.5,3321.0,2022-05-19 08:08:16
Fut0_J2209,3334.0,3324.0,3751,3324.5,3324.0,2022-05-19 08:08:17
Fut0_J2209,3334.0,3323.5,3756,3324.0,3323.5,2022-05-19 08:08:18
Fut0_J2209,3334.0,3323.0,3758,3323.5,3322.5,2022-05-19 08:08:19
Fut0_J2209,3334.0,3323.0,3760,3323.5,3323.0,2022-05-19 08:08:20
Fut0_J2209,3334.0,3323.5,3762,3323.5,3323.0,2022-05-19 08:08:21
Fut0_J2209,3334.0,3324.0,3764,3324.0,3323.0,2022-05-19 08:08:22
Fut0_J2209,3334.0,3324.0,3767,3324.5,3323.0,2022-05-19 08:08:23
Fut0_J2209,3334.0,3324.5,3770,3324.5,3324.0,2022-05-19 08:08:24
Fut0_J2209,3334.0,3324.5,3774,3325.0,3324.5,2022-05-19 08:08:25
Fut0_J2209,3334.0,3328.0,3790,3328.5,3328.0,2022-05-19 08:08:26
Fut0_J2209,3334.0,3327.0,3802,3328.0,3327.5,2022-05-19 08:08:27
Fut0_J2209,3334.0,3327.5,3810,3329.0,3326.5,2022-05-19 08:08:28
Fut0_J2209,3334.0,3326.5,3813,3328.0,3326.0,2022-05-19 08:08:29
Fut0_J2209,3334.0,3326.5,3822,3327.0,3326.5,2022-05-19 08:08:30
Fut0_J2209,3334.0,3328.0,3826,3327.5,3326.0,2022-05-19 08:08:31
Fut0_J2209,3334.0,3323.0,3842,3324.5,3322.5,2022-05-19 08:08:32
Fut0_J2209,3334.0,3322.5,3855,3323.0,3321.5,2022-05-19 08:08:33
Fut0_J2209,3334.0,3323.5,3860,3327.0,3324.5,2022-05-19 08:08:34
Fut0_J2209,3334.0,3324.5,3861,3326.0,3324.5,2022-05-19 08:08:35
Fut0_J2209,3334.0,3324.5,3862,3326.0,3324.5,2022-05-19 08:08:36
Fut0_J2209,3334.0,3324.5,3865,3325.0,3324.5,2022-05-19 08:08:37
Fut0_J2209,3334.0,3325.0,3868,3327.0,3325.0,2022-05-19 08:08:38
Fut0_J2209,3334.0,3325.0,3869,3326.0,3325.0,2022-05-19 08:08:39
Fut0_J2209,3334.0,3325.0,3869,3326.0,3325.0,2022-05-19 08:08:40
Fut0_J2209,3334.0,3326.0,3871,3327.0,3326.5,2022-05-19 08:08:41
Fut0_J2209,3334.0,3326.0,3874,3326.0,3325.0,2022-05-19 08:08:42
Fut0_J2209,3334.0,3325.0,3879,3325.5,3324.5,2022-05-19 08:08:43
Fut0_J2209,3334.0,3323.5,3884,3325.0,3323.0,2022-05-19 08:08:44
Fut0_J2209,3334.0,3323.5,3884,3325.5,3324.0,2022-05-19 08:08:45
Fut0_J2209,3334.0,3325.0,3885,3325.5,3324.0,2022-05-19 08:08:46
Fut0_J2209,3334.0,3324.0,3886,3325.5,3323.0,2022-05-19 08:08:47
Fut0_J2209,3334.0,3324.0,3886,3324.5,3323.5,2022-05-19 08:08:48
Fut0_J2209,3334.0,3323.5,3887,3324.5,3323.5,2022-05-19 08:08:49
Fut0_J2209,3334.0,3324.5,3888,3325.5,3323.5,2022-05-19 08:08:50
Fut0_J2209,3334.0,3324.5,3889,3325.0,3323.5,2022-05-19 08:08:51
Fut0_J2209,3334.0,3324.5,3889,3325.0,3324.0,2022-05-19 08:08:52
Fut0_J2209,3334.0,3323.5,3892,3325.5,3323.5,2022-05-19 08:08:53
Fut0_J2209,3334.0,3323.5,3893,3324.5,3323.0,2022-05-19 08:08:54
Fut0_J2209,3334.0,3323.5,3893,3324.5,3323.5,2022-05-19 08:08:55
Fut0_J2209,3334.0,3323.5,3894,3324.5,3323.0,2022-05-19 08:08:56
Fut0_J2209,3334.0,3324.5,3895,3325.0,3323.0,2022-05-19 08:08:57
Fut0_J2209,3334.0,3324.5,3895,3325.0,3323.5,2022-05-19 08:08:58
Fut0_J2209,3334.0,3323.5,3896,3323.5,3323.0,2022-05-19 08:08:59
Fut0_J2209,3334.0,3323.0,3902,3323.0,3321.0,2022-05-19 08:09:00
Fut0_J2209,3334.0,3323.0,3904,3323.5,3321.5,2022-05-19 08:09:01
Fut0_J2209,3334.0,3323.0,3915,3324.5,3323.0,2022-05-19 08:09:02
Fut0_J2209,3334.0,3324.0,3916,3325.0,3323.5,2022-05-19 08:09:03
Fut0_J2209,3334.0,3323.5,3917,3325.0,3323.0,2022-05-19 08:09:04
Fut0_J2209,3334.0,3325.0,3919,3325.0,3323.0,2022-05-19 08:09:06
Fut0_J2209,3334.0,3324.5,3920,3325.0,3324.5,2022-05-19 08:09:07
Fut0_J2209,3334.0,3323.5,3923,3324.5,3323.0,2022-05-19 08:09:08
Fut0_J2209,3334.0,3323.5,3923,3324.5,3323.0,2022-05-19 08:09:09
Fut0_J2209,3334.0,3323.0,3929,3325.0,3323.0,2022-05-19 08:09:10
Fut0_J2209,3334.0,3325.0,3931,3325.0,3323.5,2022-05-19 08:09:11
Fut0_J2209,3334.0,3325.0,3931,3325.0,3323.5,2022-05-19 08:09:12
Fut0_J2209,3334.0,3325.0,3938,3325.0,3324.5,2022-05-19 08:09:13
Fut0_J2209,3334.0,3326.0,3950,3326.0,3325.0,2022-05-19 08:09:14
Fut0_J2209,3334.0,3325.0,3952,3326.0,3325.0,2022-05-19 08:09:15
Fut0_J2209,3334.0,3325.0,3952,3326.0,3325.0,2022-05-19 08:09:17
Fut0_J2209,3334.0,3325.0,3961,3326.5,3325.0,2022-05-19 08:09:18
Fut0_J2209,3334.0,3325.0,3962,3326.5,3325.0,2022-05-19 08:09:19
Fut0_J2209,3334.0,3326.5,3963,3326.0,3325.5,2022-05-19 08:09:20
Fut0_J2209,3334.0,3327.0,3974,3327.5,3326.5,2022-05-19 08:09:21
Fut0_J2209,3334.0,3329.0,3992,3330.0,3329.5,2022-05-19 08:09:22
Fut0_J2209,3334.0,3329.5,3994,3330.0,3329.0,2022-05-19 08:09:23
Fut0_J2209,3334.0,3329.5,4005,3330.0,3328.5,2022-05-19 08:09:24
Fut0_J2209,3334.0,3329.5,4007,3329.0,3328.0,2022-05-19 08:09:25
Fut0_J2209,3334.0,3329.0,4024,3328.0,3326.5,2022-05-19 08:09:26
Fut0_J2209,3334.0,3326.5,4028,3327.5,3325.5,2022-05-19 08:09:27
Fut0_J2209,3334.0,3327.5,4045,3329.0,3327.0,2022-05-19 08:09:28
Fut0_J2209,3334.0,3327.5,4045,3328.5,3326.0,2022-05-19 08:09:29
Fut0_J2209,3334.0,3326.0,4046,3327.5,3326.0,2022-05-19 08:09:30
Fut0_J2209,3334.0,3328.5,4048,3328.5,3326.5,2022-05-19 08:09:31
Fut0_J2209,3334.0,3328.5,4048,3328.5,3328.0,2022-05-19 08:09:32
Fut0_J2209,3334.0,3330.0,4066,3330.0,3329.0,2022-05-19 08:09:33
Fut0_J2209,3334.0,3330.0,4072,3331.5,3330.0,2022-05-19 08:09:34
Fut0_J2209,3334.0,3330.0,4079,3331.0,3329.0,2022-05-19 08:09:35
Fut0_J2209,3334.0,3331.5,4083,3331.0,3330.0,2022-05-19 08:09:36
Fut0_J2209,3334.0,3331.0,4089,3330.0,3329.5,2022-05-19 08:09:37
Fut0_J2209,3334.0,3329.5,4091,3331.5,3329.0,2022-05-19 08:09:38
Fut0_J2209,3334.0,3329.0,4094,3329.5,3329.0,2022-05-19 08:09:39
Fut0_J2209,3334.0,3329.0,4096,3329.5,3329.0,2022-05-19 08:09:40
Fut0_J2209,3334.0,3330.5,4103,3331.0,3329.5,2022-05-19 08:09:41
Fut0_J2209,3334.0,3329.5,4105,3331.0,3329.5,2022-05-19 08:09:42
Fut0_J2209,3334.0,3329.5,4110,3331.0,3329.0,2022-05-19 08:09:43
Fut0_J2209,3334.0,3329.0,4113,3331.0,3329.5,2022-05-19 08:09:44
Fut0_J2209,3334.0,3331.0,4114,3331.0,3329.5,2022-05-19 08:09:45
Fut0_J2209,3334.0,3331.0,4116,3330.5,3329.0,2022-05-19 08:09:46
Fut0_J2209,3334.0,3329.0,4120,3329.0,3328.0,2022-05-19 08:09:47
Fut0_J2209,3334.0,3328.0,4121,3328.5,3327.0,2022-05-19 08:09:48
Fut0_J2209,3334.0,3329.0,4129,3329.0,3326.0,2022-05-19 08:09:49
Fut0_J2209,3334.0,3329.0,4140,3329.0,3328.0,2022-05-19 08:09:50
Fut0_J2209,3334.0,3329.5,4145,3330.0,3328.5,2022-05-19 08:09:51
Fut0_J2209,3334.0,3329.5,4146,3329.5,3328.5,2022-05-19 08:09:52
Fut0_J2209,3334.0,3329.5,4146,3329.5,3328.5,2022-05-19 08:09:53
Fut0_J2209,3334.0,3328.5,4148,3328.5,3327.0,2022-05-19 08:09:54
Fut0_J2209,3334.0,3328.5,4151,3329.0,3328.5,2022-05-19 08:09:55
Fut0_J2209,3334.0,3327.0,4155,3328.5,3326.0,2022-05-19 08:09:56
Fut0_J2209,3334.0,3329.0,4157,3329.0,3327.0,2022-05-19 08:09:57
Fut0_J2209,3334.0,3327.0,4162,3329.5,3327.0,2022-05-19 08:09:59
Fut0_J2209,3334.0,3327.0,4162,3329.0,3327.5,2022-05-19 08:10:00
Fut0_J2209,3334.0,3326.5,4164,3328.0,3326.0,2022-05-19 08:10:01
Fut0_J2209,3334.0,3328.0,4165,3327.0,3326.5,2022-05-19 08:10:02
Fut0_J2209,3334.0,3326.0,4169,3328.5,3326.5,2022-05-19 08:10:03
Fut0_J2209,3334.0,3329.0,4175,3329.5,3328.5,2022-05-19 08:10:04
Fut0_J2209,3334.0,3328.5,4180,3329.5,3328.0,2022-05-19 08:10:05
Fut0_J2209,3334.0,3328.0,4182,3329.0,3328.0,2022-05-19 08:10:06
Fut0_J2209,3334.0,3328.0,4184,3328.5,3328.0,2022-05-19 08:10:07
Fut0_J2209,3334.0,3328.0,4185,3328.5,3326.5,2022-05-19 08:10:08
Fut0_J2209,3334.0,3326.5,4186,3328.5,3327.0,2022-05-19 08:10:09
Fut0_J2209,3334.0,3328.5,4187,3329.0,3326.5,2022-05-19 08:10:10
Fut0_J2209,3334.0,3328.5,4187,3328.5,3327.5,2022-05-19 08:10:11
Fut0_J2209,3334.0,3328.5,4199,3328.5,3327.0,2022-05-19 08:10:12
Fut0_J2209,3334.0,3328.5,4201,3328.5,3326.5,2022-05-19 08:10:13
Fut0_J2209,3334.0,3328.5,4201,3328.5,3327.0,2022-05-19 08:10:14
Fut0_J2209,3334.0,3327.0,4202,3328.0,3327.0,2022-05-19 08:10:15
Fut0_J2209,3334.0,3326.0,4205,3327.5,3326.0,2022-05-19 08:10:16
Fut0_J2209,3334.0,3326.0,4205,3327.0,3326.5,2022-05-19 08:10:17
Fut0_J2209,3334.0,3326.0,4205,3327.0,3326.5,2022-05-19 08:10:18
Fut0_J2209,3334.0,3326.0,4214,3327.5,3326.0,2022-05-19 08:10:19
Fut0_J2209,3334.0,3326.0,4215,3327.5,3327.0,2022-05-19 08:10:20
Fut0_J2209,3334.0,3327.0,4224,3327.0,3326.0,2022-05-19 08:10:21
Fut0_J2209,3334.0,3327.0,4224,3327.0,3326.0,2022-05-19 08:10:22
Fut0_J2209,3334.0,3325.0,4231,3326.0,3324.0,2022-05-19 08:10:23
Fut0_J2209,3334.0,3325.5,4233,3326.0,3323.0,2022-05-19 08:10:24
Fut0_J2209,3334.0,3326.0,4234,3326.0,3325.5,2022-05-19 08:10:25
Fut0_J2209,3334.0,3326.0,4237,3326.0,3324.5,2022-05-19 08:10:26
Fut0_J2209,3334.0,3326.0,4237,3325.5,3324.5,2022-05-19 08:10:27
Fut0_J2209,3334.0,3325.5,4243,3326.0,3325.5,2022-05-19 08:10:28
Fut0_J2209,3334.0,3325.5,4244,3326.0,3325.0,2022-05-19 08:10:29
Fut0_J2209,3334.0,3325.5,4246,3326.0,3325.0,2022-05-19 08:10:31
Fut0_J2209,3334.0,3325.5,4246,3325.5,3325.0,2022-05-19 08:10:33
Fut0_J2209,3334.0,3325.0,4247,3325.5,3324.5,2022-05-19 08:10:34
Fut0_J2209,3334.0,3325.0,4247,3325.5,3324.5,2022-05-19 08:10:35
Fut0_J2209,3334.0,3325.5,4248,3325.5,3325.0,2022-05-19 08:10:36
Fut0_J2209,3334.0,3326.5,4253,3327.0,3325.5,2022-05-19 08:10:38
Fut0_J2209,3334.0,3326.5,4253,3327.0,3325.5,2022-05-19 08:10:39
Fut0_J2209,3334.0,3327.5,4264,3327.5,3326.5,2022-05-19 08:10:40
Fut0_J2209,3334.0,3327.5,4265,3328.5,3327.0,2022-05-19 08:10:41
Fut0_J2209,3334.0,3327.5,4265,3327.5,3327.0,2022-05-19 08:10:42
Fut0_J2209,3334.0,3327.0,4267,3327.5,3326.5,2022-05-19 08:10:43
Fut0_J2209,3334.0,3327.5,4268,3328.5,3327.5,2022-05-19 08:10:44
Fut0_J2209,3334.0,3327.5,4268,3328.5,3327.5,2022-05-19 08:10:45
Fut0_J2209,3334.0,3327.5,4270,3328.5,3327.5,2022-05-19 08:10:46
Fut0_J2209,3334.0,3328.0,4271,3328.5,3327.5,2022-05-19 08:10:48
Fut0_J2209,3334.0,3328.5,4274,3328.5,3327.5,2022-05-19 08:10:49
Fut0_J2209,3334.0,3328.5,4275,3329.0,3328.0,2022-05-19 08:10:50
Fut0_J2209,3334.0,3329.0,4276,3329.5,3328.5,2022-05-19 08:10:51
Fut0_J2209,3334.0,3328.5,4278,3329.5,3326.0,2022-05-19 08:10:52
Fut0_J2209,3334.0,3328.5,4279,3328.0,3326.0,2022-05-19 08:10:53
Fut0_J2209,3334.0,3328.0,4280,3328.5,3328.0,2022-05-19 08:10:54
Fut0_J2209,3334.0,3328.0,4293,3328.5,3326.0,2022-05-19 08:10:55
Fut0_J2209,3334.0,3328.0,4293,3328.5,3326.0,2022-05-19 08:10:56
Fut0_J2209,3334.0,3328.0,4294,3328.5,3326.0,2022-05-19 08:10:57
Fut0_J2209,3334.0,3328.0,4295,3328.5,3326.5,2022-05-19 08:10:58
Fut0_J2209,3334.0,3328.5,4299,3329.0,3327.0,2022-05-19 08:11:00
Fut0_J2209,3334.0,3328.5,4299,3328.5,3327.0,2022-05-19 08:11:03
Fut0_J2209,3334.0,3326.5,4301,3329.0,3327.5,2022-05-19 08:11:04
Fut0_J2209,3334.0,3329.0,4304,3329.0,3327.0,2022-05-19 08:11:05
Fut0_J2209,3334.0,3327.0,4305,3328.5,3327.0,2022-05-19 08:11:06
Fut0_J2209,3334.0,3328.5,4307,3328.5,3327.5,2022-05-19 08:11:07
Fut0_J2209,3334.0,3327.0,4310,3328.5,3326.0,2022-05-19 08:11:08
Fut0_J2209,3334.0,3328.5,4311,3329.0,3327.0,2022-05-19 08:11:09
Fut0_J2209,3334.0,3327.0,4313,3329.0,3326.5,2022-05-19 08:11:10
Fut0_J2209,3334.0,3327.0,4313,3328.5,3327.0,2022-05-19 08:11:11
Fut0_J2209,3334.0,3327.0,4313,3328.0,3327.0,2022-05-19 08:11:12
Fut0_J2209,3334.0,3327.0,4315,3327.0,3326.5,2022-05-19 08:11:13
Fut0_J2209,3334.0,3328.0,4318,3328.5,3325.5,2022-05-19 08:11:14
Fut0_J2209,3334.0,3328.0,4320,3328.0,3325.5,2022-05-19 08:11:15
Fut0_J2209,3334.0,3328.0,4320,3328.0,3325.5,2022-05-19 08:11:16
Fut0_J2209,3334.0,3328.0,4320,3328.0,3326.0,2022-05-19 08:11:17
Fut0_J2209,3334.0,3326.0,4321,3328.0,3326.0,2022-05-19 08:11:18
Fut0_J2209,3334.0,3328.0,4322,3327.5,3326.0,2022-05-19 08:11:19
Fut0_J2209,3334.0,3328.0,4322,3327.0,3326.5,2022-05-19 08:11:20
Fut0_J2209,3334.0,3325.5,4324,3326.5,3325.0,2022-05-19 08:11:21
Fut0_J2209,3334.0,3326.5,4325,3326.5,3325.0,2022-05-19 08:11:22
Fut0_J2209,3334.0,3325.0,4330,3326.5,3325.0,2022-05-19 08:11:24
Fut0_J2209,3334.0,3326.5,4331,3326.5,3325.0,2022-05-19 08:11:25
Fut0_J2209,3334.0,3325.0,4335,3326.5,3324.5,2022-05-19 08:11:26
Fut0_J2209,3334.0,3325.0,4335,3326.0,3324.5,2022-05-19 08:11:27
Fut0_J2209,3334.0,3326.0,4343,3326.5,3324.0,2022-05-19 08:11:28
Fut0_J2209,3334.0,3326.0,4343,3326.5,3324.5,2022-05-19 08:11:29
Fut0_J2209,3334.0,3326.0,4343,3326.0,3324.5,2022-05-19 08:11:31
Fut0_J2209,3334.0,3326.0,4345,3326.0,3324.0,2022-05-19 08:11:33
Fut0_J2209,3334.0,3326.0,4345,3325.0,3324.0,2022-05-19 08:11:34
Fut0_J2209,3334.0,3326.0,4345,3325.0,3324.0,2022-05-19 08:11:35
Fut0_J2209,3334.0,3324.0,4347,3324.0,3323.0,2022-05-19 08:11:36
Fut0_J2209,3334.0,3324.0,4348,3325.0,3323.0,2022-05-19 08:11:39
Fut0_J2209,3334.0,3323.0,4349,3324.5,3323.0,2022-05-19 08:11:40
Fut0_J2209,3334.0,3326.0,4359,3327.0,3325.5,2022-05-19 08:11:41
Fut0_J2209,3334.0,3325.5,4360,3327.0,3325.5,2022-05-19 08:11:42
Fut0_J2209,3334.0,3327.0,4362,3326.5,3326.0,2022-05-19 08:11:43
Fut0_J2209,3334.0,3326.5,4363,3327.0,3325.0,2022-05-19 08:11:44
Fut0_J2209,3334.0,3326.5,4363,3326.5,3325.5,2022-05-19 08:11:45
Fut0_J2209,3334.0,3326.5,4366,3327.5,3325.5,2022-05-19 08:11:49
Fut0_J2209,3334.0,3325.5,4367,3327.5,3326.5,2022-05-19 08:11:50
Fut0_J2209,3334.0,3325.5,4368,3327.5,3325.5,2022-05-19 08:11:51
Fut0_J2209,3334.0,3325.5,4369,3327.5,3326.5,2022-05-19 08:11:52
Fut0_J2209,3334.0,3326.5,4370,3327.5,3325.5,2022-05-19 08:11:53
Fut0_J2209,3334.0,3326.5,4370,3327.0,3325.5,2022-05-19 08:11:57
Fut0_J2209,3334.0,3327.0,4371,3327.5,3325.5,2022-05-19 08:12:00
Fut0_J2209,3334.0,3327.5,4372,3327.5,3325.5,2022-05-19 08:12:01
Fut0_J2209,3334.0,3327.5,4374,3327.5,3325.5,2022-05-19 08:12:02
Fut0_J2209,3334.0,3327.5,4376,3328.0,3327.0,2022-05-19 08:12:03
Fut0_J2209,3334.0,3327.0,4378,3329.0,3327.0,2022-05-19 08:12:04
Fut0_J2209,3334.0,3329.0,4385,3329.0,3326.5,2022-05-19 08:12:05
Fut0_J2209,3334.0,3329.5,4392,3330.0,3327.5,2022-05-19 08:12:06
Fut0_J2209,3334.0,3330.0,4394,3330.0,3327.5,2022-05-19 08:12:07
Fut0_J2209,3334.0,3330.0,4395,3330.0,3328.0,2022-05-19 08:12:08
Fut0_J2209,3334.0,3330.0,4400,3330.0,3328.5,2022-05-19 08:12:09
Fut0_J2209,3334.0,3330.5,4404,3330.5,3328.5,2022-05-19 08:12:11
Fut0_J2209,3334.0,3330.5,4405,3331.0,3328.5,2022-05-19 08:12:12
Fut0_J2209,3334.0,3330.5,4406,3330.5,3328.0,2022-05-19 08:12:13
Fut0_J2209,3334.0,3330.5,4411,3330.5,3328.0,2022-05-19 08:12:14
Fut0_J2209,3334.0,3330.5,4412,3331.0,3330.5,2022-05-19 08:12:15
Fut0_J2209,3334.0,3330.5,4414,3331.0,3330.5,2022-05-19 08:12:16
Fut0_J2209,3334.0,3331.0,4417,3331.5,3331.0,2022-05-19 08:12:17
Fut0_J2209,3334.0,3330.5,4420,3331.0,3330.5,2022-05-19 08:12:18
Fut0_J2209,3334.0,3331.0,4421,3331.0,3330.5,2022-05-19 08:12:19
Fut0_J2209,3334.0,3331.0,4423,3331.5,3330.5,2022-05-19 08:12:20
Fut0_J2209,3334.0,3331.0,4426,3331.5,3330.5,2022-05-19 08:12:22
Fut0_J2209,3334.0,3331.0,4426,3331.0,3330.5,2022-05-19 08:12:23
Fut0_J2209,3334.0,3330.5,4427,3331.0,3330.5,2022-05-19 08:12:24
Fut0_J2209,3334.0,3330.5,4428,3331.0,3330.0,2022-05-19 08:12:25
Fut0_J2209,3334.0,3330.5,4428,3330.5,3330.0,2022-05-19 08:12:27
Fut0_J2209,3334.0,3330.5,4429,3331.5,3331.0,2022-05-19 08:12:28
Fut0_J2209,3334.0,3332.0,4437,3332.0,3331.0,2022-05-19 08:12:29
Fut0_J2209,3334.0,3331.0,4440,3331.5,3330.5,2022-05-19 08:12:30
Fut0_J2209,3334.0,3331.5,4442,3332.0,3331.0,2022-05-19 08:12:32
Fut0_J2209,3334.0,3331.5,4443,3332.0,3331.5,2022-05-19 08:12:33
Fut0_J2209,3334.0,3332.0,4450,3332.5,3332.0,2022-05-19 08:12:34
Fut0_J2209,3334.0,3333.5,4462,3334.0,3333.5,2022-05-19 08:12:35
Fut0_J2209,3334.0,3334.0,4466,3335.0,3334.0,2022-05-19 08:12:36
Fut0_J2209,3334.0,3335.0,4470,3335.0,3334.0,2022-05-19 08:12:37
Fut0_J2209,3334.0,3335.0,4473,3335.0,3334.0,2022-05-19 08:12:38
Fut0_J2209,3334.0,3335.0,4474,3335.5,3334.0,2022-05-19 08:12:39
Fut0_J2209,3334.0,3335.0,4476,3335.5,3334.0,2022-05-19 08:12:40
Fut0_J2209,3334.0,3335.5,4479,3336.0,3335.5,2022-05-19 08:12:41
Fut0_J2209,3334.0,3336.0,4482,3336.0,3335.5,2022-05-19 08:12:42
Fut0_J2209,3334.0,3336.0,4484,3337.0,3335.5,2022-05-19 08:12:43
Fut0_J2209,3334.0,3335.5,4486,3336.0,3335.5,2022-05-19 08:12:44
Fut0_J2209,3334.0,3336.0,4487,3337.0,3336.0,2022-05-19 08:12:45
Fut0_J2209,3334.0,3336.0,4487,3337.0,3336.0,2022-05-19 08:12:46
Fut0_J2209,3334.0,3337.0,4494,3338.0,3337.0,2022-05-19 08:12:47
Fut0_J2209,3334.0,3338.0,4495,3338.0,3337.0,2022-05-19 08:12:48
Fut0_J2209,3334.0,3337.0,4499,3337.5,3337.0,2022-05-19 08:12:49
Fut0_J2209,3334.0,3336.0,4505,3337.0,3336.0,2022-05-19 08:12:50
Fut0_J2209,3334.0,3335.0,4514,3335.0,3334.0,2022-05-19 08:12:51
Fut0_J2209,3334.0,3333.0,4525,3332.5,3332.0,2022-05-19 08:12:52
Fut0_J2209,3334.0,3333.0,4528,3333.5,3333.0,2022-05-19 08:12:53
Fut0_J2209,3334.0,3334.0,4532,3335.5,3333.5,2022-05-19 08:12:54
Fut0_J2209,3334.0,3334.0,4532,3335.0,3333.0,2022-05-19 08:12:55
Fut0_J2209,3334.0,3334.0,4532,3335.0,3333.0,2022-05-19 08:12:56
Fut0_J2209,3334.0,3335.0,4533,3335.0,3333.5,2022-05-19 08:12:57
Fut0_J2209,3334.0,3334.0,4537,3335.5,3333.5,2022-05-19 08:12:58
Fut0_J2209,3334.0,3334.0,4537,3335.0,3333.0,2022-05-19 08:12:59
Fut0_J2209,3334.0,3334.5,4538,3335.0,3333.0,2022-05-19 08:13:00
Fut0_J2209,3334.0,3334.0,4541,3334.0,3332.5,2022-05-19 08:13:01
Fut0_J2209,3334.0,3334.0,4542,3333.5,3332.5,2022-05-19 08:13:02
Fut0_J2209,3334.0,3332.5,4543,3333.5,3333.0,2022-05-19 08:13:03
Fut0_J2209,3334.0,3333.0,4545,3333.0,3332.5,2022-05-19 08:13:05
Fut0_J2209,3334.0,3333.0,4545,3333.0,3332.5,2022-05-19 08:13:06
Fut0_J2209,3334.0,3332.0,4547,3333.0,3331.0,2022-05-19 08:13:07
Fut0_J2209,3334.0,3332.0,4547,3333.0,3331.5,2022-05-19 08:13:08
Fut0_J2209,3334.0,3333.0,4551,3333.0,3331.5,2022-05-19 08:13:09
Fut0_J2209,3334.0,3333.0,4551,3333.0,3331.0,2022-05-19 08:13:10
Fut0_J2209,3334.0,3330.5,4555,3331.5,3330.5,2022-05-19 08:13:11
Fut0_J2209,3334.0,3330.0,4560,3330.5,3328.5,2022-05-19 08:13:12
Fut0_J2209,3334.0,3330.0,4560,3330.5,3328.5,2022-05-19 08:13:13
Fut0_J2209,3334.0,3330.0,4560,3330.5,3329.0,2022-05-19 08:13:14
Fut0_J2209,3334.0,3330.5,4563,3330.5,3328.5,2022-05-19 08:13:15
Fut0_J2209,3334.0,3330.5,4563,3330.5,3329.0,2022-05-19 08:13:16
Fut0_J2209,3334.0,3330.5,4564,3331.0,3330.5,2022-05-19 08:13:18
Fut0_J2209,3334.0,3333.0,4574,3334.0,3331.5,2022-05-19 08:13:19
Fut0_J2209,3334.0,3333.0,4574,3334.0,3332.5,2022-05-19 08:13:20
Fut0_J2209,3334.0,3333.0,4574,3332.5,3331.0,2022-05-19 08:13:21
Fut0_J2209,3334.0,3333.0,4575,3333.0,3331.0,2022-05-19 08:13:22
Fut0_J2209,3334.0,3333.0,4575,3333.0,3331.0,2022-05-19 08:13:23
Fut0_J2209,3334.0,3333.0,4576,3333.5,3332.0,2022-05-19 08:13:25
Fut0_J2209,3334.0,3333.0,4576,3333.5,3332.0,2022-05-19 08:13:26
Fut0_J2209,3334.0,3333.0,4576,3333.5,3332.5,2022-05-19 08:13:27
Fut0_J2209,3334.0,3333.5,4578,3335.0,3333.5,2022-05-19 08:13:28
Fut0_J2209,3334.0,3333.5,4580,3334.0,3332.5,2022-05-19 08:13:29
Fut0_J2209,3334.0,3333.5,4580,3333.5,3332.5,2022-05-19 08:13:31
Fut0_J2209,3334.0,3332.5,4581,3332.5,3331.0,2022-05-19 08:13:32
Fut0_J2209,3334.0,3332.5,4581,3332.5,3332.0,2022-05-19 08:13:33
Fut0_J2209,3334.0,3333.0,4583,3333.5,3332.0,2022-05-19 08:13:35
Fut0_J2209,3334.0,3333.0,4583,3333.0,3332.0,2022-05-19 08:13:36
Fut0_J2209,3334.0,3333.0,4584,3333.5,3332.0,2022-05-19 08:13:39
Fut0_J2209,3334.0,3333.0,4584,3333.0,3332.0,2022-05-19 08:13:40
Fut0_J2209,3334.0,3333.0,4585,3333.5,3332.0,2022-05-19 08:13:41
Fut0_J2209,3334.0,3332.0,4586,3333.0,3332.0,2022-05-19 08:13:42
Fut0_J2209,3334.0,3332.0,4588,3332.5,3332.0,2022-05-19 08:13:43
Fut0_J2209,3334.0,3332.0,4590,3332.0,3331.0,2022-05-19 08:13:44
Fut0_J2209,3334.0,3332.0,4591,3332.0,3331.0,2022-05-19 08:13:45
Fut0_J2209,3334.0,3332.0,4593,3332.5,3331.5,2022-05-19 08:13:47
Fut0_J2209,3334.0,3332.0,4593,3332.5,3331.0,2022-05-19 08:13:48
Fut0_J2209,3334.0,3332.5,4595,3332.5,3331.0,2022-05-19 08:13:49
Fut0_J2209,3334.0,3332.5,4596,3333.0,3331.5,2022-05-19 08:13:50
Fut0_J2209,3334.0,3333.0,4598,3332.5,3330.5,2022-05-19 08:13:51
Fut0_J2209,3334.0,3330.5,4602,3331.5,3330.0,2022-05-19 08:13:52
Fut0_J2209,3334.0,3331.5,4603,3333.0,3330.5,2022-05-19 08:13:54
Fut0_J2209,3334.0,3331.0,4604,3333.0,3330.5,2022-05-19 08:13:55
Fut0_J2209,3334.0,3331.0,4604,3332.5,3330.5,2022-05-19 08:13:56
Fut0_J2209,3334.0,3331.0,4604,3332.5,3330.5,2022-05-19 08:13:57
Fut0_J2209,3334.0,3331.0,4604,3332.0,3330.5,2022-05-19 08:13:58
Fut0_J2209,3334.0,3332.5,4608,3333.0,3332.0,2022-05-19 08:14:00
Fut0_J2209,3334.0,3333.0,4613,3333.0,3331.5,2022-05-19 08:14:02
Fut0_J2209,3334.0,3333.0,4613,3332.0,3330.5,2022-05-19 08:14:03
Fut0_J2209,3334.0,3333.0,4613,3332.0,3330.5,2022-05-19 08:14:04
Fut0_J2209,3334.0,3333.0,4613,3332.0,3330.5,2022-05-19 08:14:05
Fut0_J2209,3334.0,3332.0,4615,3332.5,3330.5,2022-05-19 08:14:06
Fut0_J2209,3334.0,3332.0,4615,3332.5,3331.5,2022-05-19 08:14:07
Fut0_J2209,3334.0,3332.0,4615,3332.5,3330.5,2022-05-19 08:14:09
Fut0_J2209,3334.0,3332.0,4615,3332.0,3331.0,2022-05-19 08:14:11
Fut0_J2209,3334.0,3332.0,4616,3332.0,3331.0,2022-05-19 08:14:12
Fut0_J2209,3334.0,3332.0,4617,3331.5,3330.5,2022-05-19 08:14:13
Fut0_J2209,3334.0,3331.5,4618,3332.0,3330.5,2022-05-19 08:14:16
Fut0_J2209,3334.0,3332.0,4619,3332.0,3330.5,2022-05-19 08:14:19
Fut0_J2209,3334.0,3332.0,4620,3331.5,3331.0,2022-05-19 08:14:20
Fut0_J2209,3334.0,3331.5,4621,3332.5,3330.5,2022-05-19 08:14:21
Fut0_J2209,3334.0,3331.5,4621,3332.0,3330.5,2022-05-19 08:14:25
Fut0_J2209,3334.0,3330.5,4622,3332.0,3330.5,2022-05-19 08:14:26
Fut0_J2209,3334.0,3332.0,4627,3332.5,3331.0,2022-05-19 08:14:28
Fut0_J2209,3334.0,3331.0,4628,3331.0,3330.5,2022-05-19 08:14:30
Fut0_J2209,3334.0,3331.0,4629,3331.0,3330.5,2022-05-19 08:14:31
Fut0_J2209,3334.0,3330.5,4630,3331.0,3330.0,2022-05-19 08:14:33
Fut0_J2209,3334.0,3330.0,4631,3330.5,3330.0,2022-05-19 08:14:34
Fut0_J2209,3334.0,3330.0,4633,3330.5,3330.0,2022-05-19 08:14:35
Fut0_J2209,3334.0,3330.0,4635,3330.5,3330.0,2022-05-19 08:14:36
Fut0_J2209,3334.0,3330.5,4637,3331.0,3330.0,2022-05-19 08:14:39
Fut0_J2209,3334.0,3330.0,4642,3330.5,3329.5,2022-05-19 08:14:40
Fut0_J2209,3334.0,3330.5,4643,3330.0,3329.0,2022-05-19 08:14:41
Fut0_J2209,3334.0,3330.5,4643,3329.5,3329.0,2022-05-19 08:14:44
Fut0_J2209,3334.0,3329.0,4644,3329.5,3329.0,2022-05-19 08:14:46
Fut0_J2209,3334.0,3329.5,4647,3330.0,3329.5,2022-05-19 08:14:47
Fut0_J2209,3334.0,3329.5,4647,3330.0,3329.5,2022-05-19 08:14:48
Fut0_J2209,3334.0,3330.0,4651,3330.5,3330.0,2022-05-19 08:14:49
Fut0_J2209,3334.0,3330.0,4652,3330.5,3329.5,2022-05-19 08:14:50
Fut0_J2209,3334.0,3329.0,4657,3329.5,3328.5,2022-05-19 08:14:52
Fut0_J2209,3334.0,3329.0,4657,3329.5,3329.0,2022-05-19 08:14:53
Fut0_J2209,3334.0,3329.0,4662,3329.5,3328.5,2022-05-19 08:14:54
Fut0_J2209,3334.0,3329.5,4663,3330.0,3328.5,2022-05-19 08:14:55
Fut0_J2209,3334.0,3329.5,4663,3329.0,3328.5,2022-05-19 08:14:56
Fut0_J2209,3334.0,3329.5,4664,3329.0,3328.5,2022-05-19 08:14:57
Fut0_J2209,3334.0,3329.5,4664,3329.0,3328.5,2022-05-19 08:14:58
Fut0_J2209,3334.0,3329.0,4667,3330.0,3328.5,2022-05-19 08:15:00
Fut0_J2209,3334.0,3330.0,4672,3330.5,3329.0,2022-05-19 08:15:01
Fut0_J2209,3334.0,3330.5,4673,3330.5,3329.0,2022-05-19 08:15:02
Fut0_J2209,3334.0,3330.5,4673,3330.5,3330.0,2022-05-19 08:15:03
Fut0_J2209,3334.0,3330.0,4676,3330.5,3329.5,2022-05-19 08:15:04
Fut0_J2209,3334.0,3329.5,4677,3330.5,3329.0,2022-05-19 08:15:05
Fut0_J2209,3334.0,3329.0,4678,3330.0,3329.5,2022-05-19 08:15:06
Fut0_J2209,3334.0,3329.5,4679,3330.0,3328.5,2022-05-19 08:15:07
Fut0_J2209,3334.0,3329.5,4679,3330.0,3329.5,2022-05-19 08:15:08
Fut0_J2209,3334.0,3328.0,4684,3329.0,3327.5,2022-05-19 08:15:09
Fut0_J2209,3334.0,3328.0,4686,3329.0,3327.5,2022-05-19 08:15:10
Fut0_J2209,3334.0,3327.5,4688,3329.0,3327.0,2022-05-19 08:15:11
Fut0_J2209,3334.0,3327.5,4692,3327.5,3327.0,2022-05-19 08:15:12
Fut0_J2209,3334.0,3327.5,4693,3327.5,3327.0,2022-05-19 08:15:13
Fut0_J2209,3334.0,3327.0,4696,3327.0,3326.0,2022-05-19 08:15:14
Fut0_J2209,3334.0,3327.5,4698,3328.5,3327.0,2022-05-19 08:15:15
Fut0_J2209,3334.0,3327.0,4703,3328.0,3326.5,2022-05-19 08:15:17
Fut0_J2209,3334.0,3327.0,4703,3327.0,3326.5,2022-05-19 08:15:18
Fut0_J2209,3334.0,3327.0,4705,3328.0,3326.5,2022-05-19 08:15:19
Fut0_J2209,3334.0,3328.0,4710,3328.5,3326.5,2022-05-19 08:15:21
Fut0_J2209,3334.0,3328.5,4712,3328.5,3326.5,2022-05-19 08:15:25
Fut0_J2209,3334.0,3328.5,4717,3328.0,3326.0,2022-05-19 08:15:27
Fut0_J2209,3334.0,3328.0,4722,3328.0,3326.5,2022-05-19 08:15:28
Fut0_J2209,3334.0,3328.0,4723,3329.0,3327.0,2022-05-19 08:15:29
Fut0_J2209,3334.0,3328.0,4723,3328.5,3327.0,2022-05-19 08:15:30
Fut0_J2209,3334.0,3328.0,4723,3328.0,3326.5,2022-05-19 08:15:31
Fut0_J2209,3334.0,3328.0,4724,3328.0,3326.5,2022-05-19 08:15:33
Fut0_J2209,3334.0,3327.0,4725,3328.0,3326.5,2022-05-19 08:15:36
Fut0_J2209,3334.0,3327.0,4727,3328.0,3326.5,2022-05-19 08:15:37
Fut0_J2209,3334.0,3326.5,4729,3328.0,3326.5,2022-05-19 08:15:39
Fut0_J2209,3334.0,3328.0,4734,3328.0,3326.5,2022-05-19 08:15:40
Fut0_J2209,3334.0,3328.0,4734,3328.0,3326.5,2022-05-19 08:15:41
Fut0_J2209,3334.0,3328.0,4734,3328.5,3326.5,2022-05-19 08:15:42
Fut0_J2209,3334.0,3328.5,4735,3328.5,3327.0,2022-05-19 08:15:43
Fut0_J2209,3334.0,3328.5,4736,3329.0,3327.5,2022-05-19 08:15:44
Fut0_J2209,3334.0,3328.5,4736,3329.0,3328.5,2022-05-19 08:15:45
Fut0_J2209,3334.0,3329.0,4739,3328.5,3327.5,2022-05-19 08:15:46
Fut0_J2209,3334.0,3327.5,4741,3328.0,3326.5,2022-05-19 08:15:48
Fut0_J2209,3334.0,3326.5,4742,3328.0,3326.0,2022-05-19 08:15:49
Fut0_J2209,3334.0,3326.0,4744,3328.0,3326.5,2022-05-19 08:15:51
Fut0_J2209,3334.0,3328.0,4750,3328.5,3326.0,2022-05-19 08:15:52
Fut0_J2209,3334.0,3328.0,4750,3328.5,3326.5,2022-05-19 08:15:53
Fut0_J2209,3334.0,3328.0,4750,3328.5,3327.0,2022-05-19 08:15:54
Fut0_J2209,3334.0,3326.5,4752,3328.5,3326.5,2022-05-19 08:15:56
Fut0_J2209,3334.0,3328.0,4753,3328.5,3327.0,2022-05-19 08:15:57
Fut0_J2209,3334.0,3328.5,4754,3329.0,3327.0,2022-05-19 08:15:58
Fut0_J2209,3334.0,3329.0,4759,3329.0,3327.0,2022-05-19 08:15:59
Fut0_J2209,3334.0,3329.0,4761,3329.5,3327.5,2022-05-19 08:16:00
Fut0_J2209,3334.0,3329.0,4761,3329.0,3327.0,2022-05-19 08:16:03
Fut0_J2209,3334.0,3329.0,4766,3329.5,3328.5,2022-05-19 08:16:05
Fut0_J2209,3334.0,3329.0,4766,3329.0,3328.5,2022-05-19 08:16:06
Fut0_J2209,3334.0,3329.0,4766,3329.0,3328.5,2022-05-19 08:16:09
Fut0_J2209,3334.0,3329.0,4767,3329.0,3328.5,2022-05-19 08:16:10
Fut0_J2209,3334.0,3329.0,4769,3329.5,3329.0,2022-05-19 08:16:11
Fut0_J2209,3334.0,3329.0,4771,3329.5,3329.0,2022-05-19 08:16:13
Fut0_J2209,3334.0,3329.5,4772,3330.5,3329.5,2022-05-19 08:16:14
Fut0_J2209,3334.0,3329.5,4774,3330.5,3329.5,2022-05-19 08:16:15
Fut0_J2209,3334.0,3329.5,4774,3330.5,3329.5,2022-05-19 08:16:16
Fut0_J2209,3334.0,3330.5,4776,3330.5,3329.5,2022-05-19 08:16:17
Fut0_J2209,3334.0,3330.5,4776,3330.0,3329.5,2022-05-19 08:16:19
Fut0_J2209,3334.0,3328.5,4785,3328.5,3328.0,2022-05-19 08:16:20
Fut0_J2209,3334.0,3328.0,4787,3328.0,3326.0,2022-05-19 08:16:21
Fut0_J2209,3334.0,3327.5,4790,3329.0,3326.5,2022-05-19 08:16:22
Fut0_J2209,3334.0,3329.0,4791,3329.0,3326.5,2022-05-19 08:16:23
Fut0_J2209,3334.0,3329.0,4792,3329.0,3326.5,2022-05-19 08:16:25
Fut0_J2209,3334.0,3329.0,4796,3329.5,3327.5,2022-05-19 08:16:28
Fut0_J2209,3334.0,3329.0,4796,3329.5,3327.5,2022-05-19 08:16:29
Fut0_J2209,3334.0,3327.0,4804,3327.0,3326.5,2022-05-19 08:16:30
Fut0_J2209,3334.0,3327.0,4806,3328.0,3326.0,2022-05-19 08:16:31
Fut0_J2209,3334.0,3327.0,4807,3328.0,3327.0,2022-05-19 08:16:32
Fut0_J2209,3334.0,3327.5,4813,3328.0,3327.0,2022-05-19 08:16:33
Fut0_J2209,3334.0,3327.0,4815,3328.0,3326.0,2022-05-19 08:16:34
Fut0_J2209,3334.0,3327.0,4815,3327.5,3326.0,2022-05-19 08:16:36
Fut0_J2209,3334.0,3327.0,4815,3327.5,3326.0,2022-05-19 08:16:38
Fut0_J2209,3334.0,3328.0,4820,3328.5,3326.5,2022-05-19 08:16:39
Fut0_J2209,3334.0,3328.5,4821,3328.5,3326.5,2022-05-19 08:16:41
Fut0_J2209,3334.0,3326.5,4824,3327.5,3326.5,2022-05-19 08:16:43
Fut0_J2209,3334.0,3326.5,4831,3329.0,3327.5,2022-05-19 08:16:45
Fut0_J2209,3334.0,3329.0,4836,3329.0,3327.5,2022-05-19 08:16:48
Fut0_J2209,3334.0,3329.0,4841,3329.0,3327.5,2022-05-19 08:16:50
Fut0_J2209,3334.0,3329.5,4849,3329.5,3329.0,2022-05-19 08:16:51
Fut0_J2209,3334.0,3329.0,4854,3329.0,3328.0,2022-05-19 08:16:52
Fut0_J2209,3334.0,3329.0,4855,3329.5,3329.0,2022-05-19 08:16:53
Fut0_J2209,3334.0,3329.5,4862,3330.0,3329.0,2022-05-19 08:16:54
Fut0_J2209,3334.0,3330.0,4864,3330.0,3329.0,2022-05-19 08:16:55
Fut0_J2209,3334.0,3330.0,4864,3329.5,3329.0,2022-05-19 08:16:57
Fut0_J2209,3334.0,3329.0,4865,3329.5,3327.5,2022-05-19 08:16:58
Fut0_J2209,3334.0,3329.0,4865,3329.0,3327.5,2022-05-19 08:16:59
Fut0_J2209,3334.0,3329.5,4870,3330.0,3327.5,2022-05-19 08:17:00
Fut0_J2209,3334.0,3330.0,4872,3330.0,3328.0,2022-05-19 08:17:01
Fut0_J2209,3334.0,3330.0,4872,3331.0,3329.5,2022-05-19 08:17:02
Fut0_J2209,3334.0,3329.5,4874,3331.0,3329.0,2022-05-19 08:17:03
Fut0_J2209,3334.0,3329.5,4875,3330.0,3328.5,2022-05-19 08:17:04
Fut0_J2209,3334.0,3329.5,4875,3330.0,3328.5,2022-05-19 08:17:05
Fut0_J2209,3334.0,3329.5,4875,3329.5,3328.5,2022-05-19 08:17:06
Fut0_J2209,3334.0,3329.5,4876,3330.0,3329.0,2022-05-19 08:17:07
Fut0_J2209,3334.0,3330.0,4878,3331.0,3329.0,2022-05-19 08:17:08
Fut0_J2209,3334.0,3331.0,4891,3331.5,3329.0,2022-05-19 08:17:09
Fut0_J2209,3334.0,3331.5,4893,3331.0,3329.5,2022-05-19 08:17:10
Fut0_J2209,3334.0,3331.5,4893,3331.5,3329.5,2022-05-19 08:17:11
Fut0_J2209,3334.0,3329.5,4894,3331.5,3329.0,2022-05-19 08:17:13
Fut0_J2209,3334.0,3329.5,4894,3332.0,3329.0,2022-05-19 08:17:15
Fut0_J2209,3334.0,3329.5,4894,3332.0,3329.5,2022-05-19 08:17:16
Fut0_J2209,3334.0,3329.5,4894,3331.5,3329.5,2022-05-19 08:17:17
Fut0_J2209,3334.0,3329.5,4895,3331.5,3329.5,2022-05-19 08:17:19
Fut0_J2209,3334.0,3331.5,4896,3332.0,3330.0,2022-05-19 08:17:20
Fut0_J2209,3334.0,3330.0,4897,3332.0,3330.0,2022-05-19 08:17:23
Fut0_J2209,3334.0,3330.0,4897,3330.0,3329.0,2022-05-19 08:17:24
Fut0_J2209,3334.0,3330.0,4899,3331.0,3330.0,2022-05-19 08:17:25
Fut0_J2209,3334.0,3331.0,4904,3331.5,3330.0,2022-05-19 08:17:28
Fut0_J2209,3334.0,3331.0,4904,3331.0,3330.0,2022-05-19 08:17:29
Fut0_J2209,3334.0,3331.0,4906,3331.0,3330.0,2022-05-19 08:17:30
Fut0_J2209,3334.0,3331.0,4907,3331.0,3330.0,2022-05-19 08:17:31
Fut0_J2209,3334.0,3331.0,4908,3331.0,3330.0,2022-05-19 08:17:32
Fut0_J2209,3334.0,3331.0,4908,3331.0,3330.5,2022-05-19 08:17:33
Fut0_J2209,3334.0,3331.0,4911,3331.0,3330.0,2022-05-19 08:17:34
Fut0_J2209,3334.0,3331.0,4911,3331.0,3330.0,2022-05-19 08:17:35
Fut0_J2209,3334.0,3331.0,4911,3330.5,3330.0,2022-05-19 08:17:39
Fut0_J2209,3334.0,3331.0,4911,3330.5,3329.0,2022-05-19 08:17:40
Fut0_J2209,3334.0,3331.0,4911,3330.5,3329.5,2022-05-19 08:17:45
Fut0_J2209,3334.0,3331.0,4911,3330.5,3329.0,2022-05-19 08:17:46
Fut0_J2209,3334.0,3331.0,4911,3330.5,3329.5,2022-05-19 08:17:47
Fut0_J2209,3334.0,3331.0,4911,3330.0,3329.5,2022-05-19 08:17:48
Fut0_J2209,3334.0,3331.0,4912,3330.0,3329.5,2022-05-19 08:17:49
Fut0_J2209,3334.0,3329.5,4913,3330.0,3329.0,2022-05-19 08:17:51
Fut0_J2209,3334.0,3329.5,4913,3329.5,3329.0,2022-05-19 08:17:54
Fut0_J2209,3334.0,3330.0,4915,3330.5,3329.0,2022-05-19 08:17:55
Fut0_J2209,3334.0,3330.5,4916,3330.5,3329.0,2022-05-19 08:17:57
Fut0_J2209,3334.0,3330.5,4916,3330.0,3329.5,2022-05-19 08:17:58
Fut0_J2209,3334.0,3330.5,4916,3330.0,3329.0,2022-05-19 08:17:59
Fut0_J2209,3334.0,3330.0,4918,3330.0,3329.0,2022-05-19 08:18:02
Fut0_J2209,3334.0,3330.0,4919,3330.0,3329.0,2022-05-19 08:18:03
Fut0_J2209,3334.0,3330.0,4920,3330.0,3329.0,2022-05-19 08:18:04
Fut0_J2209,3334.0,3330.0,4920,3330.0,3329.0,2022-05-19 08:18:05
Fut0_J2209,3334.0,3330.0,4925,3331.0,3330.5,2022-05-19 08:18:07
Fut0_J2209,3334.0,3331.0,4930,3331.0,3330.5,2022-05-19 08:18:08
Fut0_J2209,3334.0,3333.0,4945,3333.0,3332.5,2022-05-19 08:18:09
Fut0_J2209,3334.0,3333.0,4958,3333.5,3333.0,2022-05-19 08:18:10
Fut0_J2209,3334.0,3333.0,4958,3333.5,3333.0,2022-05-19 08:18:11
Fut0_J2209,3334.0,3333.0,4960,3332.5,3332.0,2022-05-19 08:18:12
Fut0_J2209,3334.0,3332.5,4962,3332.5,3332.0,2022-05-19 08:18:16
Fut0_J2209,3334.0,3332.5,4964,3333.0,3332.0,2022-05-19 08:18:17
Fut0_J2209,3334.0,3332.5,4964,3333.0,3332.5,2022-05-19 08:18:18
Fut0_J2209,3334.0,3332.5,4965,3332.5,3332.0,2022-05-19 08:18:21
Fut0_J2209,3334.0,3332.0,4966,3332.0,3331.5,2022-05-19 08:18:22
Fut0_J2209,3334.0,3332.5,4972,3333.0,3332.5,2022-05-19 08:18:23
Fut0_J2209,3334.0,3332.5,4976,3332.5,3332.0,2022-05-19 08:18:24
Fut0_J2209,3334.0,3332.5,4981,3333.0,3330.5,2022-05-19 08:18:25
Fut0_J2209,3334.0,3332.5,4981,3333.0,3332.5,2022-05-19 08:18:26
Fut0_J2209,3334.0,3332.5,4981,3332.5,3331.0,2022-05-19 08:18:27
Fut0_J2209,3334.0,3332.5,4985,3332.5,3332.0,2022-05-19 08:18:28
Fut0_J2209,3334.0,3332.5,4988,3332.5,3332.0,2022-05-19 08:18:29
Fut0_J2209,3334.0,3332.5,4989,3332.5,3332.0,2022-05-19 08:18:30
Fut0_J2209,3334.0,3332.5,4992,3333.0,3332.0,2022-05-19 08:18:31
Fut0_J2209,3334.0,3332.0,4993,3333.0,3332.0,2022-05-19 08:18:36
Fut0_J2209,3334.0,3332.0,4994,3333.0,3332.0,2022-05-19 08:18:38
Fut0_J2209,3334.0,3333.0,5006,3333.0,3332.5,2022-05-19 08:18:39
Fut0_J2209,3334.0,3333.5,5017,3335.0,3333.5,2022-05-19 08:18:40
Fut0_J2209,3334.0,3333.5,5017,3335.0,3333.5,2022-05-19 08:18:41
Fut0_J2209,3334.0,3333.5,5017,3335.0,3333.5,2022-05-19 08:18:42
Fut0_J2209,3334.0,3335.0,5018,3335.0,3333.5,2022-05-19 08:18:44
Fut0_J2209,3334.0,3335.0,5020,3335.5,3333.5,2022-05-19 08:18:45
Fut0_J2209,3334.0,3336.0,5025,3336.0,3333.5,2022-05-19 08:18:46
Fut0_J2209,3334.0,3336.0,5026,3335.5,3332.5,2022-05-19 08:18:47
Fut0_J2209,3334.0,3336.0,5028,3336.0,3335.0,2022-05-19 08:18:48
Fut0_J2209,3334.0,3335.0,5029,3336.0,3334.5,2022-05-19 08:18:49
Fut0_J2209,3334.0,3335.0,5029,3336.0,3335.0,2022-05-19 08:18:50
Fut0_J2209,3334.0,3335.0,5029,3336.0,3335.0,2022-05-19 08:18:51
Fut0_J2209,3334.0,3335.0,5029,3336.0,3335.0,2022-05-19 08:18:53
Fut0_J2209,3334.0,3336.0,5033,3337.0,3335.0,2022-05-19 08:18:54
Fut0_J2209,3334.0,3337.0,5037,3337.5,3337.0,2022-05-19 08:18:55
Fut0_J2209,3334.0,3337.5,5040,3338.0,3337.0,2022-05-19 08:18:56
Fut0_J2209,3334.0,3338.0,5041,3338.0,3337.5,2022-05-19 08:18:57
Fut0_J2209,3334.0,3338.0,5042,3338.0,3337.0,2022-05-19 08:18:58
Fut0_J2209,3334.0,3338.0,5058,3338.0,3336.0,2022-05-19 08:18:59
Fut0_J2209,3334.0,3338.0,5059,3337.5,3336.0,2022-05-19 08:19:00
Fut0_J2209,3334.0,3337.5,5061,3338.0,3337.5,2022-05-19 08:19:01
Fut0_J2209,3334.0,3337.0,5063,3337.5,3335.5,2022-05-19 08:19:02
Fut0_J2209,3334.0,3336.0,5065,3336.5,3335.0,2022-05-19 08:19:03
Fut0_J2209,3334.0,3336.0,5066,3336.5,3336.0,2022-05-19 08:19:05
Fut0_J2209,3334.0,3336.0,5067,3336.5,3335.0,2022-05-19 08:19:06
Fut0_J2209,3334.0,3336.0,5067,3336.0,3335.0,2022-05-19 08:19:07
Fut0_J2209,3334.0,3336.0,5067,3336.0,3335.0,2022-05-19 08:19:08
Fut0_J2209,3334.0,3335.0,5069,3336.0,3335.0,2022-05-19 08:19:10
Fut0_J2209,3334.0,3335.5,5071,3336.0,3335.0,2022-05-19 08:19:11
Fut0_J2209,3334.0,3335.5,5071,3335.5,3335.0,2022-05-19 08:19:13
Fut0_J2209,3334.0,3335.0,5073,3336.0,3335.0,2022-05-19 08:19:14
Fut0_J2209,3334.0,3336.5,5084,3337.0,3336.5,2022-05-19 08:19:16
Fut0_J2209,3334.0,3337.0,5088,3337.5,3336.0,2022-05-19 08:19:17
Fut0_J2209,3334.0,3336.5,5091,3338.0,3336.5,2022-05-19 08:19:18
Fut0_J2209,3334.0,3336.5,5091,3338.0,3336.5,2022-05-19 08:19:19
Fut0_J2209,3334.0,3336.5,5091,3338.0,3336.0,2022-05-19 08:19:20
Fut0_J2209,3334.0,3338.0,5100,3338.5,3338.0,2022-05-19 08:19:21
Fut0_J2209,3334.0,3338.5,5111,3340.0,3338.5,2022-05-19 08:19:22
Fut0_J2209,3334.0,3338.5,5111,3340.0,3339.5,2022-05-19 08:19:23
Fut0_J2209,3334.0,3340.0,5115,3340.0,3339.0,2022-05-19 08:19:24
Fut0_J2209,3334.0,3346.0,5179,3345.5,3345.0,2022-05-19 08:19:25
Fut0_J2209,3334.0,3343.0,5217,3343.5,3341.5,2022-05-19 08:19:26
Fut0_J2209,3334.0,3345.5,5232,3346.5,3346.0,2022-05-19 08:19:27
Fut0_J2209,3334.0,3346.5,5244,3346.5,3345.5,2022-05-19 08:19:28
Fut0_J2209,3334.0,3346.5,5249,3346.5,3345.5,2022-05-19 08:19:29
Fut0_J2209,3334.0,3346.5,5257,3347.0,3346.5,2022-05-19 08:19:30
Fut0_J2209,3334.0,3346.5,5258,3347.0,3345.5,2022-05-19 08:19:31
Fut0_J2209,3334.0,3345.5,5260,3345.5,3343.5,2022-05-19 08:19:33
Fut0_J2209,3334.0,3347.0,5272,3348.0,3347.0,2022-05-19 08:19:34
Fut0_J2209,3334.0,3347.0,5274,3348.0,3347.0,2022-05-19 08:19:35
Fut0_J2209,3334.0,3347.0,5275,3347.0,3346.0,2022-05-19 08:19:36
Fut0_J2209,3334.0,3347.0,5278,3347.0,3346.5,2022-05-19 08:19:37
Fut0_J2209,3334.0,3346.0,5280,3346.0,3345.5,2022-05-19 08:19:38
Fut0_J2209,3334.0,3346.0,5280,3346.0,3345.5,2022-05-19 08:19:40
Fut0_J2209,3334.0,3346.0,5284,3346.5,3346.0,2022-05-19 08:19:41
Fut0_J2209,3334.0,3347.0,5303,3347.5,3347.0,2022-05-19 08:19:42
Fut0_J2209,3334.0,3347.5,5306,3347.5,3347.0,2022-05-19 08:19:43
Fut0_J2209,3334.0,3347.5,5309,3348.0,3347.5,2022-05-19 08:19:44
Fut0_J2209,3334.0,3347.5,5315,3348.0,3347.5,2022-05-19 08:19:45
Fut0_J2209,3334.0,3347.5,5317,3348.0,3347.5,2022-05-19 08:19:46
Fut0_J2209,3334.0,3347.5,5320,3348.5,3348.0,2022-05-19 08:19:47
Fut0_J2209,3334.0,3348.0,5324,3348.5,3347.5,2022-05-19 08:19:48
Fut0_J2209,3334.0,3348.0,5324,3348.5,3348.0,2022-05-19 08:19:49
Fut0_J2209,3334.0,3347.5,5339,3348.5,3347.5,2022-05-19 08:19:50
Fut0_J2209,3334.0,3348.5,5340,3348.5,3347.5,2022-05-19 08:19:51
Fut0_J2209,3334.0,3348.0,5344,3348.5,3347.5,2022-05-19 08:19:52
Fut0_J2209,3334.0,3348.5,5349,3348.5,3347.5,2022-05-19 08:19:53
Fut0_J2209,3334.0,3348.5,5351,3348.0,3347.5,2022-05-19 08:19:54
Fut0_J2209,3334.0,3348.5,5355,3348.5,3347.5,2022-05-19 08:19:55
Fut0_J2209,3334.0,3350.0,5366,3350.0,3349.5,2022-05-19 08:19:56
Fut0_J2209,3334.0,3350.5,5414,3353.0,3351.0,2022-05-19 08:19:57
Fut0_J2209,3334.0,3353.0,5428,3353.0,3351.0,2022-05-19 08:19:58
Fut0_J2209,3334.0,3353.0,5446,3354.0,3353.0,2022-05-19 08:19:59
Fut0_J2209,3334.0,3353.0,5453,3353.0,3352.5,2022-05-19 08:20:00
Fut0_J2209,3334.0,3353.0,5475,3354.5,3352.5,2022-05-19 08:20:01
Fut0_J2209,3334.0,3353.5,5479,3353.5,3352.5,2022-05-19 08:20:02
Fut0_J2209,3334.0,3353.5,5484,3354.5,3353.0,2022-05-19 08:20:03
Fut0_J2209,3334.0,3353.0,5485,3353.5,3353.0,2022-05-19 08:20:04
Fut0_J2209,3334.0,3353.0,5487,3353.0,3352.5,2022-05-19 08:20:05
Fut0_J2209,3334.0,3352.5,5497,3352.5,3351.0,2022-05-19 08:20:06
Fut0_J2209,3334.0,3355.0,5530,3355.0,3353.0,2022-05-19 08:20:07
Fut0_J2209,3334.0,3355.0,5530,3355.0,3353.0,2022-05-19 08:20:08
Fut0_J2209,3334.0,3353.0,5533,3355.0,3352.5,2022-05-19 08:20:09
Fut0_J2209,3334.0,3355.0,5536,3355.0,3352.5,2022-05-19 08:20:10
Fut0_J2209,3334.0,3355.0,5542,3356.0,3355.0,2022-05-19 08:20:11
Fut0_J2209,3334.0,3355.5,5546,3356.0,3355.5,2022-05-19 08:20:12
Fut0_J2209,3334.0,3355.0,5562,3356.0,3355.0,2022-05-19 08:20:13
Fut0_J2209,3334.0,3356.0,5564,3357.0,3355.5,2022-05-19 08:20:14
Fut0_J2209,3334.0,3355.5,5573,3357.5,3356.5,2022-05-19 08:20:15
Fut0_J2209,3334.0,3355.5,5576,3357.0,3355.0,2022-05-19 08:20:16
Fut0_J2209,3334.0,3357.5,5584,3358.0,3357.5,2022-05-19 08:20:17
Fut0_J2209,3334.0,3358.0,5600,3359.0,3358.0,2022-05-19 08:20:18
Fut0_J2209,3334.0,3359.5,5613,3360.0,3359.0,2022-05-19 08:20:19
Fut0_J2209,3334.0,3357.5,5632,3357.5,3357.0,2022-05-19 08:20:20
Fut0_J2209,3334.0,3358.5,5653,3357.0,3356.0,2022-05-19 08:20:21
Fut0_J2209,3334.0,3356.5,5660,3357.0,3354.0,2022-05-19 08:20:22
Fut0_J2209,3334.0,3356.0,5661,3357.0,3356.0,2022-05-19 08:20:23
Fut0_J2209,3334.0,3356.5,5665,3357.0,3356.0,2022-05-19 08:20:24
Fut0_J2209,3334.0,3357.0,5666,3357.0,3355.5,2022-05-19 08:20:25
Fut0_J2209,3334.0,3356.5,5667,3357.0,3356.0,2022-05-19 08:20:26
Fut0_J2209,3334.0,3355.5,5687,3356.5,3355.5,2022-05-19 08:20:27
Fut0_J2209,3334.0,3356.5,5693,3357.5,3355.0,2022-05-19 08:20:28
Fut0_J2209,3334.0,3357.0,5695,3358.0,3356.0,2022-05-19 08:20:29
Fut0_J2209,3334.0,3358.0,5697,3358.5,3358.0,2022-05-19 08:20:30
Fut0_J2209,3334.0,3358.5,5702,3358.5,3358.0,2022-05-19 08:20:31
Fut0_J2209,3334.0,3358.0,5709,3359.0,3357.5,2022-05-19 08:20:32
Fut0_J2209,3334.0,3358.0,5709,3359.0,3357.5,2022-05-19 08:20:33
Fut0_J2209,3334.0,3358.0,5715,3358.0,3357.5,2022-05-19 08:20:34
Fut0_J2209,3334.0,3357.5,5717,3357.5,3356.5,2022-05-19 08:20:35
Fut0_J2209,3334.0,3358.0,5726,3359.0,3358.5,2022-05-19 08:20:36
Fut0_J2209,3334.0,3357.5,5732,3358.5,3356.5,2022-05-19 08:20:37
Fut0_J2209,3334.0,3356.5,5737,3358.0,3356.5,2022-05-19 08:20:38
Fut0_J2209,3334.0,3357.5,5741,3358.5,3358.0,2022-05-19 08:20:40
Fut0_J2209,3334.0,3358.0,5742,3358.0,3357.5,2022-05-19 08:20:42
Fut0_J2209,3334.0,3357.5,5743,3357.5,3357.0,2022-05-19 08:20:43
Fut0_J2209,3334.0,3356.5,5758,3355.0,3354.5,2022-05-19 08:20:44
Fut0_J2209,3334.0,3357.0,5764,3357.0,3355.0,2022-05-19 08:20:45
Fut0_J2209,3334.0,3355.0,5781,3356.5,3355.0,2022-05-19 08:20:46
Fut0_J2209,3334.0,3355.0,5781,3356.5,3355.5,2022-05-19 08:20:47
Fut0_J2209,3334.0,3355.0,5781,3355.5,3355.0,2022-05-19 08:20:48
Fut0_J2209,3334.0,3355.5,5783,3355.5,3354.5,2022-05-19 08:20:49
Fut0_J2209,3334.0,3355.5,5786,3356.0,3355.5,2022-05-19 08:20:50
Fut0_J2209,3334.0,3356.0,5793,3357.0,3355.5,2022-05-19 08:20:51
Fut0_J2209,3334.0,3356.0,5794,3357.5,3356.0,2022-05-19 08:20:52
Fut0_J2209,3334.0,3357.5,5797,3357.5,3356.0,2022-05-19 08:20:53
Fut0_J2209,3334.0,3356.0,5800,3356.0,3355.5,2022-05-19 08:20:54
Fut0_J2209,3334.0,3357.5,5814,3358.0,3357.5,2022-05-19 08:20:55
Fut0_J2209,3334.0,3357.5,5819,3358.0,3356.0,2022-05-19 08:20:56
Fut0_J2209,3334.0,3357.0,5827,3358.0,3355.5,2022-05-19 08:20:57
Fut0_J2209,3334.0,3357.0,5827,3357.0,3356.0,2022-05-19 08:20:58
Fut0_J2209,3334.0,3357.0,5829,3358.0,3356.0,2022-05-19 08:21:00
Fut0_J2209,3334.0,3358.0,5832,3358.0,3356.0,2022-05-19 08:21:01
Fut0_J2209,3334.0,3357.0,5833,3357.5,3357.0,2022-05-19 08:21:02
Fut0_J2209,3334.0,3357.0,5837,3357.0,3356.0,2022-05-19 08:21:03
Fut0_J2209,3334.0,3355.5,5844,3357.0,3355.5,2022-05-19 08:21:04
Fut0_J2209,3334.0,3356.0,5849,3356.5,3355.5,2022-05-19 08:21:06
Fut0_J2209,3334.0,3357.0,5855,3357.0,3355.5,2022-05-19 08:21:07
Fut0_J2209,3334.0,3357.0,5855,3357.0,3356.0,2022-05-19 08:21:08
Fut0_J2209,3334.0,3356.0,5856,3357.0,3355.5,2022-05-19 08:21:09
Fut0_J2209,3334.0,3356.0,5856,3357.0,3356.0,2022-05-19 08:21:10
Fut0_J2209,3334.0,3357.0,5860,3358.0,3357.0,2022-05-19 08:21:11
Fut0_J2209,3334.0,3357.0,5860,3357.5,3357.0,2022-05-19 08:21:12
Fut0_J2209,3334.0,3357.0,5863,3358.0,3356.5,2022-05-19 08:21:13
Fut0_J2209,3334.0,3356.5,5870,3357.0,3355.5,2022-05-19 08:21:14
Fut0_J2209,3334.0,3356.5,5870,3357.0,3355.5,2022-05-19 08:21:15
Fut0_J2209,3334.0,3356.5,5870,3356.5,3355.5,2022-05-19 08:21:16
Fut0_J2209,3334.0,3355.5,5873,3356.5,3355.5,2022-05-19 08:21:18
Fut0_J2209,3334.0,3355.5,5875,3356.5,3355.5,2022-05-19 08:21:19
Fut0_J2209,3334.0,3356.5,5876,3356.5,3355.5,2022-05-19 08:21:20
Fut0_J2209,3334.0,3356.5,5882,3357.0,3355.5,2022-05-19 08:21:21
Fut0_J2209,3334.0,3355.5,5884,3357.0,3355.5,2022-05-19 08:21:22
Fut0_J2209,3334.0,3355.5,5884,3356.5,3356.0,2022-05-19 08:21:23
Fut0_J2209,3334.0,3355.5,5884,3357.0,3356.0,2022-05-19 08:21:24
Fut0_J2209,3334.0,3355.5,5884,3356.5,3356.0,2022-05-19 08:21:25
Fut0_J2209,3334.0,3356.0,5886,3356.0,3355.5,2022-05-19 08:21:26
Fut0_J2209,3334.0,3355.5,5901,3356.5,3355.5,2022-05-19 08:21:27
Fut0_J2209,3334.0,3355.5,5908,3357.0,3355.5,2022-05-19 08:21:28
Fut0_J2209,3334.0,3355.5,5910,3357.0,3355.5,2022-05-19 08:21:29
Fut0_J2209,3334.0,3357.0,5916,3357.0,3355.5,2022-05-19 08:21:30
Fut0_J2209,3334.0,3357.0,5917,3357.0,3355.5,2022-05-19 08:21:31
Fut0_J2209,3334.0,3355.5,5920,3357.0,3355.5,2022-05-19 08:21:32
Fut0_J2209,3334.0,3355.5,5920,3357.0,3355.5,2022-05-19 08:21:33
Fut0_J2209,3334.0,3357.0,5922,3357.0,3355.5,2022-05-19 08:21:35
Fut0_J2209,3334.0,3357.0,5922,3357.0,3356.0,2022-05-19 08:21:37
Fut0_J2209,3334.0,3355.5,5925,3355.5,3355.0,2022-05-19 08:21:39
Fut0_J2209,3334.0,3357.0,5929,3356.5,3355.5,2022-05-19 08:21:40
Fut0_J2209,3334.0,3355.5,5933,3357.0,3355.5,2022-05-19 08:21:41
Fut0_J2209,3334.0,3355.5,5936,3357.0,3355.0,2022-05-19 08:21:42
Fut0_J2209,3334.0,3356.5,5937,3357.0,3355.5,2022-05-19 08:21:43
Fut0_J2209,3334.0,3355.5,5939,3356.5,3355.5,2022-05-19 08:21:44
Fut0_J2209,3334.0,3355.5,5940,3356.5,3355.5,2022-05-19 08:21:46
Fut0_J2209,3334.0,3355.5,5941,3356.5,3355.5,2022-05-19 08:21:47
Fut0_J2209,3334.0,3355.5,5942,3356.5,3355.5,2022-05-19 08:21:48
Fut0_J2209,3334.0,3356.5,5943,3357.0,3355.5,2022-05-19 08:21:49
Fut0_J2209,3334.0,3356.5,5943,3357.0,3356.5,2022-05-19 08:21:50
Fut0_J2209,3334.0,3356.5,5945,3356.5,3355.5,2022-05-19 08:21:52
Fut0_J2209,3334.0,3356.0,5946,3356.5,3355.5,2022-05-19 08:21:53
Fut0_J2209,3334.0,3356.5,5949,3357.0,3356.5,2022-05-19 08:21:54
Fut0_J2209,3334.0,3356.5,5949,3357.0,3356.5,2022-05-19 08:21:55
Fut0_J2209,3334.0,3357.0,5951,3357.0,3356.5,2022-05-19 08:21:56
Fut0_J2209,3334.0,3356.5,5959,3357.5,3356.5,2022-05-19 08:21:57
Fut0_J2209,3334.0,3357.5,5963,3358.0,3357.5,2022-05-19 08:21:58
Fut0_J2209,3334.0,3358.5,5977,3359.0,3358.0,2022-05-19 08:21:59
Fut0_J2209,3334.0,3360.0,5993,3360.0,3359.0,2022-05-19 08:22:00
Fut0_J2209,3334.0,3361.0,6034,3361.0,3360.0,2022-05-19 08:22:01
Fut0_J2209,3334.0,3362.0,6042,3362.0,3360.0,2022-05-19 08:22:02
Fut0_J2209,3334.0,3360.0,6052,3360.5,3358.5,2022-05-19 08:22:03
Fut0_J2209,3334.0,3360.0,6056,3360.0,3358.5,2022-05-19 08:22:04
Fut0_J2209,3334.0,3360.0,6058,3360.0,3359.0,2022-05-19 08:22:05
Fut0_J2209,3334.0,3360.0,6059,3360.5,3360.0,2022-05-19 08:22:06
Fut0_J2209,3334.0,3360.0,6060,3360.5,3360.0,2022-05-19 08:22:07
Fut0_J2209,3334.0,3360.5,6062,3360.5,3360.0,2022-05-19 08:22:08
Fut0_J2209,3334.0,3360.0,6063,3360.5,3360.0,2022-05-19 08:22:09
Fut0_J2209,3334.0,3360.5,6065,3361.5,3360.5,2022-05-19 08:22:10
Fut0_J2209,3334.0,3359.0,6075,3360.0,3359.0,2022-05-19 08:22:11
Fut0_J2209,3334.0,3360.0,6076,3359.5,3359.0,2022-05-19 08:22:12
Fut0_J2209,3334.0,3359.0,6077,3359.0,3358.5,2022-05-19 08:22:13
Fut0_J2209,3334.0,3358.5,6079,3358.5,3358.0,2022-05-19 08:22:14
Fut0_J2209,3334.0,3359.0,6081,3359.5,3357.5,2022-05-19 08:22:15
Fut0_J2209,3334.0,3359.0,6081,3358.5,3357.5,2022-05-19 08:22:16
Fut0_J2209,3334.0,3357.5,6083,3358.5,3356.5,2022-05-19 08:22:17
Fut0_J2209,3334.0,3356.5,6089,3356.5,3355.5,2022-05-19 08:22:18
Fut0_J2209,3334.0,3355.0,6101,3355.5,3355.0,2022-05-19 08:22:19
Fut0_J2209,3334.0,3354.0,6111,3355.0,3353.5,2022-05-19 08:22:20
Fut0_J2209,3334.0,3355.5,6117,3357.5,3354.5,2022-05-19 08:22:21
Fut0_J2209,3334.0,3355.5,6118,3357.5,3354.5,2022-05-19 08:22:22
Fut0_J2209,3334.0,3357.5,6119,3357.5,3356.0,2022-05-19 08:22:23
Fut0_J2209,3334.0,3355.5,6122,3357.5,3355.5,2022-05-19 08:22:24
Fut0_J2209,3334.0,3355.5,6122,3355.0,3354.5,2022-05-19 08:22:25
Fut0_J2209,3334.0,3355.0,6123,3356.5,3355.0,2022-05-19 08:22:26
Fut0_J2209,3334.0,3355.0,6123,3356.0,3355.0,2022-05-19 08:22:27
Fut0_J2209,3334.0,3356.0,6127,3356.5,3355.0,2022-05-19 08:22:28
Fut0_J2209,3334.0,3356.0,6128,3356.5,3355.0,2022-05-19 08:22:29
Fut0_J2209,3334.0,3356.0,6129,3356.0,3355.5,2022-05-19 08:22:30
Fut0_J2209,3334.0,3356.0,6132,3356.5,3355.5,2022-05-19 08:22:31
Fut0_J2209,3334.0,3355.0,6136,3356.5,3355.0,2022-05-19 08:22:32
Fut0_J2209,3334.0,3355.5,6139,3355.0,3354.5,2022-05-19 08:22:33
Fut0_J2209,3334.0,3355.5,6140,3355.5,3354.5,2022-05-19 08:22:34
Fut0_J2209,3334.0,3355.5,6140,3355.5,3354.5,2022-05-19 08:22:35
Fut0_J2209,3334.0,3354.5,6141,3355.5,3354.5,2022-05-19 08:22:36
Fut0_J2209,3334.0,3354.0,6145,3355.0,3354.0,2022-05-19 08:22:38
Fut0_J2209,3334.0,3354.5,6146,3355.0,3354.5,2022-05-19 08:22:39
Fut0_J2209,3334.0,3354.0,6154,3355.0,3354.0,2022-05-19 08:22:40
Fut0_J2209,3334.0,3355.0,6156,3355.0,3354.5,2022-05-19 08:22:41
Fut0_J2209,3334.0,3355.5,6175,3357.0,3355.5,2022-05-19 08:22:42
Fut0_J2209,3334.0,3355.5,6179,3357.0,3355.0,2022-05-19 08:22:43
Fut0_J2209,3334.0,3355.5,6180,3357.0,3355.5,2022-05-19 08:22:44
Fut0_J2209,3334.0,3355.5,6181,3357.0,3355.0,2022-05-19 08:22:45
Fut0_J2209,3334.0,3355.5,6181,3357.0,3355.5,2022-05-19 08:22:47
Fut0_J2209,3334.0,3355.5,6185,3357.0,3355.5,2022-05-19 08:22:49
Fut0_J2209,3334.0,3355.5,6185,3357.0,3356.0,2022-05-19 08:22:51
Fut0_J2209,3334.0,3356.0,6187,3357.0,3356.0,2022-05-19 08:22:52
Fut0_J2209,3334.0,3356.0,6188,3357.0,3355.5,2022-05-19 08:22:56
Fut0_J2209,3334.0,3356.5,6190,3356.5,3355.5,2022-05-19 08:22:58
Fut0_J2209,3334.0,3356.5,6191,3357.0,3355.5,2022-05-19 08:23:02
Fut0_J2209,3334.0,3356.5,6191,3356.5,3356.0,2022-05-19 08:23:03
Fut0_J2209,3334.0,3355.5,6194,3356.5,3355.0,2022-05-19 08:23:05
Fut0_J2209,3334.0,3356.5,6195,3357.0,3356.5,2022-05-19 08:23:06
Fut0_J2209,3334.0,3357.0,6197,3357.0,3356.5,2022-05-19 08:23:07
Fut0_J2209,3334.0,3356.5,6201,3357.0,3355.5,2022-05-19 08:23:08
Fut0_J2209,3334.0,3357.0,6207,3357.5,3357.0,2022-05-19 08:23:09
Fut0_J2209,3334.0,3357.5,6209,3357.5,3357.0,2022-05-19 08:23:10
Fut0_J2209,3334.0,3357.5,6214,3359.0,3357.5,2022-05-19 08:23:11
Fut0_J2209,3334.0,3359.0,6216,3359.0,3358.0,2022-05-19 08:23:12
Fut0_J2209,3334.0,3359.0,6218,3359.5,3358.0,2022-05-19 08:23:14
Fut0_J2209,3334.0,3359.5,6220,3359.5,3358.5,2022-05-19 08:23:15
Fut0_J2209,3334.0,3359.5,6220,3359.0,3358.0,2022-05-19 08:23:16
Fut0_J2209,3334.0,3359.5,6221,3359.5,3358.0,2022-05-19 08:23:18
Fut0_J2209,3334.0,3359.5,6222,3359.0,3358.0,2022-05-19 08:23:19
Fut0_J2209,3334.0,3359.0,6224,3359.5,3359.0,2022-05-19 08:23:20
Fut0_J2209,3334.0,3359.5,6225,3360.0,3359.0,2022-05-19 08:23:21
Fut0_J2209,3334.0,3359.5,6225,3359.5,3359.0,2022-05-19 08:23:22
Fut0_J2209,3334.0,3360.0,6229,3360.0,3359.5,2022-05-19 08:23:23
Fut0_J2209,3334.0,3360.0,6230,3360.0,3359.5,2022-05-19 08:23:24
Fut0_J2209,3334.0,3360.0,6234,3361.0,3359.5,2022-05-19 08:23:25
Fut0_J2209,3334.0,3360.0,6236,3361.0,3360.0,2022-05-19 08:23:26
Fut0_J2209,3334.0,3360.0,6237,3361.0,3360.0,2022-05-19 08:23:27
Fut0_J2209,3334.0,3361.0,6244,3361.0,3360.0,2022-05-19 08:23:28
Fut0_J2209,3334.0,3361.5,6256,3362.0,3361.5,2022-05-19 08:23:29
Fut0_J2209,3334.0,3362.0,6265,3362.5,3362.0,2022-05-19 08:23:30
Fut0_J2209,3334.0,3362.0,6267,3362.5,3362.0,2022-05-19 08:23:32
Fut0_J2209,3334.0,3362.5,6276,3363.0,3362.5,2022-05-19 08:23:33
Fut0_J2209,3334.0,3363.0,6287,3364.5,3362.5,2022-05-19 08:23:34
Fut0_J2209,3334.0,3365.0,6293,3365.0,3363.5,2022-05-19 08:23:35
Fut0_J2209,3334.0,3364.5,6305,3365.0,3364.5,2022-05-19 08:23:36
Fut0_J2209,3334.0,3365.0,6319,3365.0,3364.0,2022-05-19 08:23:37
Fut0_J2209,3334.0,3364.5,6324,3365.0,3364.5,2022-05-19 08:23:38
Fut0_J2209,3334.0,3364.5,6339,3365.5,3365.0,2022-05-19 08:23:39
Fut0_J2209,3334.0,3366.0,6354,3366.0,3365.5,2022-05-19 08:23:40
Fut0_J2209,3334.0,3366.5,6361,3366.5,3366.0,2022-05-19 08:23:41
Fut0_J2209,3334.0,3367.0,6374,3367.0,3366.0,2022-05-19 08:23:42
Fut0_J2209,3334.0,3367.0,6392,3369.0,3367.0,2022-05-19 08:23:43
Fut0_J2209,3334.0,3367.5,6400,3368.5,3367.0,2022-05-19 08:23:44
Fut0_J2209,3334.0,3369.0,6426,3369.0,3367.0,2022-05-19 08:23:45
Fut0_J2209,3334.0,3369.0,6433,3369.5,3369.0,2022-05-19 08:23:46
Fut0_J2209,3334.0,3367.0,6451,3367.5,3367.0,2022-05-19 08:23:47
Fut0_J2209,3334.0,3366.5,6456,3366.5,3366.0,2022-05-19 08:23:48
Fut0_J2209,3334.0,3366.0,6457,3366.5,3366.0,2022-05-19 08:23:49
Fut0_J2209,3334.0,3366.5,6475,3366.5,3365.5,2022-05-19 08:23:50
Fut0_J2209,3334.0,3366.5,6476,3366.5,3365.5,2022-05-19 08:23:51
Fut0_J2209,3334.0,3365.5,6479,3366.5,3365.5,2022-05-19 08:23:52
Fut0_J2209,3334.0,3366.0,6483,3367.0,3365.5,2022-05-19 08:23:53
Fut0_J2209,3334.0,3366.5,6488,3367.0,3365.5,2022-05-19 08:23:54
Fut0_J2209,3334.0,3367.0,6491,3367.0,3365.5,2022-05-19 08:23:55
Fut0_J2209,3334.0,3365.5,6492,3366.5,3365.5,2022-05-19 08:23:56
Fut0_J2209,3334.0,3366.5,6493,3367.0,3366.5,2022-05-19 08:23:57
Fut0_J2209,3334.0,3366.5,6500,3367.0,3365.5,2022-05-19 08:23:58
Fut0_J2209,3334.0,3365.5,6513,3365.5,3365.0,2022-05-19 08:23:59
Fut0_J2209,3334.0,3365.0,6521,3367.0,3364.5,2022-05-19 08:24:00
Fut0_J2209,3334.0,3364.5,6522,3365.0,3364.5,2022-05-19 08:24:01
Fut0_J2209,3334.0,3365.0,6524,3366.5,3363.5,2022-05-19 08:24:02
Fut0_J2209,3334.0,3365.0,6524,3365.5,3364.0,2022-05-19 08:24:03
Fut0_J2209,3334.0,3364.0,6528,3364.0,3363.0,2022-05-19 08:24:04
Fut0_J2209,3334.0,3364.5,6532,3364.0,3363.0,2022-05-19 08:24:05
Fut0_J2209,3334.0,3363.0,6540,3364.5,3364.0,2022-05-19 08:24:06
Fut0_J2209,3334.0,3364.5,6542,3365.5,3364.0,2022-05-19 08:24:07
Fut0_J2209,3334.0,3364.0,6550,3365.5,3364.0,2022-05-19 08:24:08
Fut0_J2209,3334.0,3364.0,6550,3365.5,3364.0,2022-05-19 08:24:09
Fut0_J2209,3334.0,3365.5,6553,3365.5,3364.0,2022-05-19 08:24:10
Fut0_J2209,3334.0,3364.0,6554,3365.0,3364.0,2022-05-19 08:24:11
Fut0_J2209,3334.0,3364.0,6556,3365.0,3363.0,2022-05-19 08:24:12
Fut0_J2209,3334.0,3363.0,6557,3364.0,3363.0,2022-05-19 08:24:13
Fut0_J2209,3334.0,3364.0,6561,3364.0,3363.0,2022-05-19 08:24:14
Fut0_J2209,3334.0,3363.5,6563,3364.0,3363.0,2022-05-19 08:24:16
Fut0_J2209,3334.0,3364.0,6565,3364.5,3364.0,2022-05-19 08:24:17
Fut0_J2209,3334.0,3364.0,6571,3365.0,3364.0,2022-05-19 08:24:18
Fut0_J2209,3334.0,3364.0,6572,3365.0,3364.0,2022-05-19 08:24:19
Fut0_J2209,3334.0,3364.0,6574,3365.0,3364.0,2022-05-19 08:24:20
Fut0_J2209,3334.0,3364.0,6576,3364.0,3363.0,2022-05-19 08:24:21
Fut0_J2209,3334.0,3364.0,6577,3364.0,3363.5,2022-05-19 08:24:22
Fut0_J2209,3334.0,3364.0,6577,3364.0,3363.5,2022-05-19 08:24:23
Fut0_J2209,3334.0,3364.0,6580,3365.0,3364.0,2022-05-19 08:24:24
Fut0_J2209,3334.0,3363.5,6584,3364.0,3363.0,2022-05-19 08:24:25
Fut0_J2209,3334.0,3364.0,6587,3364.0,3363.0,2022-05-19 08:24:28
Fut0_J2209,3334.0,3363.0,6588,3364.0,3363.0,2022-05-19 08:24:29
Fut0_J2209,3334.0,3364.0,6589,3365.0,3363.0,2022-05-19 08:24:30
Fut0_J2209,3334.0,3364.0,6589,3365.0,3364.0,2022-05-19 08:24:31
Fut0_J2209,3334.0,3365.0,6592,3365.0,3362.5,2022-05-19 08:24:32
Fut0_J2209,3334.0,3365.0,6592,3364.0,3362.5,2022-05-19 08:24:33
Fut0_J2209,3334.0,3364.0,6593,3364.0,3362.5,2022-05-19 08:24:34
Fut0_J2209,3334.0,3362.5,6594,3364.0,3362.5,2022-05-19 08:24:36
Fut0_J2209,3334.0,3362.5,6594,3364.0,3362.5,2022-05-19 08:24:37
Fut0_J2209,3334.0,3362.5,6596,3364.0,3362.5,2022-05-19 08:24:38
Fut0_J2209,3334.0,3362.5,6596,3364.0,3362.5,2022-05-19 08:24:39
Fut0_J2209,3334.0,3362.5,6598,3364.0,3363.0,2022-05-19 08:24:40
Fut0_J2209,3334.0,3362.5,6600,3362.0,3361.5,2022-05-19 08:24:41
Fut0_J2209,3334.0,3362.0,6601,3364.0,3362.0,2022-05-19 08:24:42
Fut0_J2209,3334.0,3362.5,6602,3363.5,3362.0,2022-05-19 08:24:43
Fut0_J2209,3334.0,3362.5,6602,3363.5,3362.0,2022-05-19 08:24:44
Fut0_J2209,3334.0,3362.0,6603,3363.5,3362.0,2022-05-19 08:24:45
Fut0_J2209,3334.0,3362.0,6603,3363.0,3362.0,2022-05-19 08:24:46
Fut0_J2209,3334.0,3362.0,6606,3363.0,3361.5,2022-05-19 08:24:47
Fut0_J2209,3334.0,3362.0,6606,3362.0,3361.5,2022-05-19 08:24:48
Fut0_J2209,3334.0,3362.0,6607,3362.0,3361.5,2022-05-19 08:24:49
Fut0_J2209,3334.0,3361.5,6608,3362.0,3361.5,2022-05-19 08:24:50
Fut0_J2209,3334.0,3362.0,6611,3363.0,3362.0,2022-05-19 08:24:51
Fut0_J2209,3334.0,3362.0,6612,3363.0,3361.5,2022-05-19 08:24:52
Fut0_J2209,3334.0,3362.0,6613,3362.0,3361.5,2022-05-19 08:24:53
Fut0_J2209,3334.0,3361.5,6614,3362.5,3361.5,2022-05-19 08:24:54
Fut0_J2209,3334.0,3361.5,6614,3363.0,3361.5,2022-05-19 08:24:55
Fut0_J2209,3334.0,3362.0,6615,3363.0,3361.5,2022-05-19 08:24:56
Fut0_J2209,3334.0,3361.5,6616,3362.5,3361.5,2022-05-19 08:24:57
Fut0_J2209,3334.0,3361.5,6617,3363.0,3361.5,2022-05-19 08:24:58
Fut0_J2209,3334.0,3361.5,6619,3362.5,3361.5,2022-05-19 08:24:59
Fut0_J2209,3334.0,3361.5,6622,3363.0,3361.0,2022-05-19 08:25:00
Fut0_J2209,3334.0,3361.0,6624,3362.5,3361.0,2022-05-19 08:25:01
Fut0_J2209,3334.0,3361.0,6627,3362.0,3361.0,2022-05-19 08:25:02
Fut0_J2209,3334.0,3362.0,6630,3362.0,3360.5,2022-05-19 08:25:03
Fut0_J2209,3334.0,3360.5,6633,3360.5,3360.0,2022-05-19 08:25:04
Fut0_J2209,3334.0,3358.5,6646,3360.5,3358.5,2022-05-19 08:25:05
Fut0_J2209,3334.0,3359.0,6648,3360.5,3359.0,2022-05-19 08:25:06
Fut0_J2209,3334.0,3360.5,6650,3360.5,3359.5,2022-05-19 08:25:07
Fut0_J2209,3334.0,3360.5,6650,3360.0,3359.0,2022-05-19 08:25:08
Fut0_J2209,3334.0,3359.5,6651,3359.5,3359.0,2022-05-19 08:25:09
Fut0_J2209,3334.0,3359.0,6654,3359.0,3358.5,2022-05-19 08:25:10
Fut0_J2209,3334.0,3359.5,6659,3359.5,3358.5,2022-05-19 08:25:11
Fut0_J2209,3334.0,3359.0,6677,3360.5,3358.5,2022-05-19 08:25:12
Fut0_J2209,3334.0,3358.5,6683,3360.5,3359.5,2022-05-19 08:25:13
Fut0_J2209,3334.0,3358.5,6683,3360.5,3358.5,2022-05-19 08:25:14
Fut0_J2209,3334.0,3358.5,6683,3360.5,3359.0,2022-05-19 08:25:15
Fut0_J2209,3334.0,3360.5,6685,3362.0,3360.0,2022-05-19 08:25:16
Fut0_J2209,3334.0,3360.0,6686,3360.5,3360.0,2022-05-19 08:25:17
Fut0_J2209,3334.0,3360.5,6687,3361.5,3360.0,2022-05-19 08:25:18
Fut0_J2209,3334.0,3361.5,6689,3362.0,3359.0,2022-05-19 08:25:20
Fut0_J2209,3334.0,3361.5,6689,3362.0,3360.0,2022-05-19 08:25:21
Fut0_J2209,3334.0,3362.0,6691,3362.5,3361.5,2022-05-19 08:25:23
Fut0_J2209,3334.0,3361.5,6692,3362.0,3361.5,2022-05-19 08:25:24
Fut0_J2209,3334.0,3361.5,6693,3362.0,3360.0,2022-05-19 08:25:25
Fut0_J2209,3334.0,3361.5,6693,3361.5,3360.0,2022-05-19 08:25:26
Fut0_J2209,3334.0,3361.5,6693,3361.5,3360.0,2022-05-19 08:25:27
Fut0_J2209,3334.0,3361.5,6697,3361.5,3360.0,2022-05-19 08:25:28
Fut0_J2209,3334.0,3361.5,6697,3361.5,3360.0,2022-05-19 08:25:29
Fut0_J2209,3334.0,3361.5,6698,3361.5,3360.0,2022-05-19 08:25:30
Fut0_J2209,3334.0,3360.0,6699,3361.5,3360.0,2022-05-19 08:25:31
Fut0_J2209,3334.0,3360.0,6700,3361.5,3360.0,2022-05-19 08:25:33
Fut0_J2209,3334.0,3360.0,6701,3361.5,3360.0,2022-05-19 08:25:34
Fut0_J2209,3334.0,3360.0,6701,3361.0,3360.0,2022-05-19 08:25:36
Fut0_J2209,3334.0,3360.0,6702,3361.0,3360.0,2022-05-19 08:25:37
Fut0_J2209,3334.0,3360.0,6710,3360.0,3359.0,2022-05-19 08:25:38
Fut0_J2209,3334.0,3359.0,6712,3360.0,3358.5,2022-05-19 08:25:39
Fut0_J2209,3334.0,3359.0,6712,3359.0,3358.5,2022-05-19 08:25:40
Fut0_J2209,3334.0,3358.5,6714,3359.0,3358.5,2022-05-19 08:25:41
Fut0_J2209,3334.0,3358.5,6716,3359.0,3358.5,2022-05-19 08:25:42
Fut0_J2209,3334.0,3358.5,6719,3359.0,3358.5,2022-05-19 08:25:43
Fut0_J2209,3334.0,3358.5,6720,3358.5,3358.0,2022-05-19 08:25:44
Fut0_J2209,3334.0,3358.5,6720,3358.5,3358.0,2022-05-19 08:25:45
Fut0_J2209,3334.0,3358.5,6720,3358.5,3358.0,2022-05-19 08:25:46
Fut0_J2209,3334.0,3358.5,6720,3358.5,3358.0,2022-05-19 08:25:47
Fut0_J2209,3334.0,3358.5,6721,3358.5,3358.0,2022-05-19 08:25:48
Fut0_J2209,3334.0,3358.5,6732,3361.0,3359.0,2022-05-19 08:25:49
Fut0_J2209,3334.0,3358.5,6733,3361.0,3359.0,2022-05-19 08:25:50
Fut0_J2209,3334.0,3358.5,6733,3361.0,3359.0,2022-05-19 08:25:51
Fut0_J2209,3334.0,3358.5,6733,3361.0,3358.5,2022-05-19 08:25:52
Fut0_J2209,3334.0,3358.5,6733,3361.0,3358.5,2022-05-19 08:25:53
Fut0_J2209,3334.0,3358.5,6733,3360.5,3359.0,2022-05-19 08:25:54
Fut0_J2209,3334.0,3358.5,6734,3360.5,3359.0,2022-05-19 08:25:55
Fut0_J2209,3334.0,3358.5,6734,3360.0,3359.0,2022-05-19 08:25:56
Fut0_J2209,3334.0,3360.0,6735,3360.0,3359.0,2022-05-19 08:25:57
Fut0_J2209,3334.0,3359.0,6736,3360.0,3359.0,2022-05-19 08:25:58
Fut0_J2209,3334.0,3360.5,6738,3360.5,3359.0,2022-05-19 08:26:01
Fut0_J2209,3334.0,3360.0,6739,3360.5,3359.0,2022-05-19 08:26:02
Fut0_J2209,3334.0,3359.0,6740,3360.5,3359.0,2022-05-19 08:26:03
Fut0_J2209,3334.0,3359.0,6740,3360.0,3359.0,2022-05-19 08:26:06
Fut0_J2209,3334.0,3359.0,6740,3360.0,3359.0,2022-05-19 08:26:07
Fut0_J2209,3334.0,3359.0,6742,3359.5,3359.0,2022-05-19 08:26:10
Fut0_J2209,3334.0,3359.0,6746,3359.5,3358.5,2022-05-19 08:26:11
Fut0_J2209,3334.0,3358.0,6755,3358.5,3358.0,2022-05-19 08:26:12
Fut0_J2209,3334.0,3358.0,6755,3358.5,3358.0,2022-05-19 08:26:17
Fut0_J2209,3334.0,3358.0,6755,3358.5,3358.0,2022-05-19 08:26:18
Fut0_J2209,3334.0,3358.0,6757,3358.5,3358.0,2022-05-19 08:26:19
Fut0_J2209,3334.0,3358.0,6758,3358.5,3358.0,2022-05-19 08:26:20
Fut0_J2209,3334.0,3358.0,6759,3358.5,3357.0,2022-05-19 08:26:21
Fut0_J2209,3334.0,3358.5,6761,3359.0,3357.0,2022-05-19 08:26:23
Fut0_J2209,3334.0,3358.5,6761,3358.0,3357.0,2022-05-19 08:26:24
Fut0_J2209,3334.0,3358.0,6762,3358.0,3357.0,2022-05-19 08:26:26
Fut0_J2209,3334.0,3358.0,6764,3359.0,3358.0,2022-05-19 08:26:28
Fut0_J2209,3334.0,3358.0,6765,3359.0,3358.0,2022-05-19 08:26:29
Fut0_J2209,3334.0,3358.5,6768,3359.0,3358.0,2022-05-19 08:26:30
Fut0_J2209,3334.0,3358.0,6769,3359.0,3357.0,2022-05-19 08:26:31
Fut0_J2209,3334.0,3359.0,6770,3359.0,3357.0,2022-05-19 08:26:32
Fut0_J2209,3334.0,3357.0,6771,3359.0,3357.0,2022-05-19 08:26:33
Fut0_J2209,3334.0,3357.0,6772,3359.0,3357.0,2022-05-19 08:26:35
Fut0_J2209,3334.0,3357.0,6774,3359.0,3356.5,2022-05-19 08:26:36
Fut0_J2209,3334.0,3357.0,6774,3359.0,3358.5,2022-05-19 08:26:37
Fut0_J2209,3334.0,3358.5,6775,3359.0,3357.5,2022-05-19 08:26:38
Fut0_J2209,3334.0,3358.5,6775,3358.5,3357.5,2022-05-19 08:26:40
Fut0_J2209,3334.0,3358.5,6780,3359.0,3358.5,2022-05-19 08:26:41
Fut0_J2209,3334.0,3359.5,6782,3360.0,3359.0,2022-05-19 08:26:42
Fut0_J2209,3334.0,3359.5,6782,3360.0,3359.5,2022-05-19 08:26:43
Fut0_J2209,3334.0,3359.5,6782,3360.0,3358.5,2022-05-19 08:26:45
Fut0_J2209,3334.0,3358.5,6783,3360.0,3358.5,2022-05-19 08:26:46
Fut0_J2209,3334.0,3358.5,6783,3360.0,3358.0,2022-05-19 08:26:47
Fut0_J2209,3334.0,3358.5,6783,3360.0,3358.0,2022-05-19 08:26:48
Fut0_J2209,3334.0,3358.5,6783,3360.0,3358.5,2022-05-19 08:26:49
Fut0_J2209,3334.0,3358.5,6783,3360.0,3358.5,2022-05-19 08:26:50
Fut0_J2209,3334.0,3358.5,6784,3360.0,3358.5,2022-05-19 08:26:51
Fut0_J2209,3334.0,3358.5,6785,3360.0,3358.5,2022-05-19 08:26:53
Fut0_J2209,3334.0,3358.5,6785,3360.0,3358.5,2022-05-19 08:26:54
Fut0_J2209,3334.0,3358.5,6785,3360.0,3358.5,2022-05-19 08:26:56
Fut0_J2209,3334.0,3359.5,6786,3359.5,3358.5,2022-05-19 08:26:57
Fut0_J2209,3334.0,3359.5,6787,3359.5,3358.5,2022-05-19 08:26:59
Fut0_J2209,3334.0,3359.5,6788,3359.5,3359.0,2022-05-19 08:27:00
Fut0_J2209,3334.0,3358.5,6793,3358.5,3357.5,2022-05-19 08:27:03
Fut0_J2209,3334.0,3358.5,6793,3358.5,3358.0,2022-05-19 08:27:04
Fut0_J2209,3334.0,3358.5,6794,3359.0,3358.0,2022-05-19 08:27:05
Fut0_J2209,3334.0,3359.0,6796,3359.5,3358.0,2022-05-19 08:27:06
Fut0_J2209,3334.0,3359.0,6796,3359.5,3358.5,2022-05-19 08:27:07
Fut0_J2209,3334.0,3362.0,6818,3362.5,3360.5,2022-05-19 08:27:08
Fut0_J2209,3334.0,3362.5,6820,3363.0,3361.0,2022-05-19 08:27:09
Fut0_J2209,3334.0,3362.5,6820,3363.0,3361.0,2022-05-19 08:27:11
Fut0_J2209,3334.0,3362.5,6820,3361.0,3360.5,2022-05-19 08:27:12
Fut0_J2209,3334.0,3361.0,6821,3362.5,3360.5,2022-05-19 08:27:13
Fut0_J2209,3334.0,3362.5,6822,3363.0,3360.5,2022-05-19 08:27:14
Fut0_J2209,3334.0,3362.5,6822,3363.0,3359.0,2022-05-19 08:27:15
Fut0_J2209,3334.0,3359.5,6823,3362.0,3359.0,2022-05-19 08:27:16
Fut0_J2209,3334.0,3359.5,6823,3362.0,3359.5,2022-05-19 08:27:17
Fut0_J2209,3334.0,3359.5,6823,3362.0,3359.5,2022-05-19 08:27:18
Fut0_J2209,3334.0,3359.5,6823,3363.0,3359.5,2022-05-19 08:27:19
Fut0_J2209,3334.0,3359.5,6823,3363.0,3360.5,2022-05-19 08:27:20
Fut0_J2209,3334.0,3359.5,6823,3363.0,3361.0,2022-05-19 08:27:22
Fut0_J2209,3334.0,3363.0,6824,3363.0,3361.5,2022-05-19 08:27:24
Fut0_J2209,3334.0,3362.0,6825,3363.0,3362.0,2022-05-19 08:27:25
Fut0_J2209,3334.0,3362.0,6826,3363.0,3361.5,2022-05-19 08:27:26
Fut0_J2209,3334.0,3363.5,6831,3364.0,3363.5,2022-05-19 08:27:27
Fut0_J2209,3334.0,3364.0,6837,3365.0,3363.5,2022-05-19 08:27:28
Fut0_J2209,3334.0,3364.0,6837,3365.0,3364.0,2022-05-19 08:27:29
Fut0_J2209,3334.0,3365.0,6841,3365.5,3364.0,2022-05-19 08:27:30
Fut0_J2209,3334.0,3365.5,6843,3365.5,3364.5,2022-05-19 08:27:31
Fut0_J2209,3334.0,3365.5,6844,3366.0,3365.5,2022-05-19 08:27:32
Fut0_J2209,3334.0,3366.0,6849,3366.0,3364.5,2022-05-19 08:27:33
Fut0_J2209,3334.0,3365.0,6850,3365.5,3365.0,2022-05-19 08:27:34
Fut0_J2209,3334.0,3364.5,6855,3364.5,3363.5,2022-05-19 08:27:36
Fut0_J2209,3334.0,3363.5,6860,3365.5,3363.5,2022-05-19 08:27:37
Fut0_J2209,3334.0,3363.5,6860,3365.0,3363.5,2022-05-19 08:27:38
Fut0_J2209,3334.0,3363.5,6860,3365.0,3363.5,2022-05-19 08:27:39
Fut0_J2209,3334.0,3363.5,6860,3365.0,3364.0,2022-05-19 08:27:40
Fut0_J2209,3334.0,3363.5,6860,3365.0,3364.5,2022-05-19 08:27:41
Fut0_J2209,3334.0,3364.5,6861,3365.0,3364.5,2022-05-19 08:27:42
Fut0_J2209,3334.0,3365.0,6862,3365.5,3364.5,2022-05-19 08:27:43
Fut0_J2209,3334.0,3364.5,6863,3365.0,3364.5,2022-05-19 08:27:44
Fut0_J2209,3334.0,3365.0,6865,3364.5,3364.0,2022-05-19 08:27:45
Fut0_J2209,3334.0,3364.0,6866,3364.5,3363.5,2022-05-19 08:27:48
Fut0_J2209,3334.0,3364.5,6867,3365.0,3363.5,2022-05-19 08:27:49
Fut0_J2209,3334.0,3363.5,6868,3364.0,3363.0,2022-05-19 08:27:50
Fut0_J2209,3334.0,3365.0,6872,3364.5,3364.0,2022-05-19 08:27:51
Fut0_J2209,3334.0,3364.0,6874,3365.0,3364.0,2022-05-19 08:27:52
Fut0_J2209,3334.0,3364.0,6875,3365.0,3363.0,2022-05-19 08:27:53
Fut0_J2209,3334.0,3365.0,6883,3365.5,3363.0,2022-05-19 08:27:54
Fut0_J2209,3334.0,3365.0,6883,3365.5,3364.5,2022-05-19 08:27:55
Fut0_J2209,3334.0,3363.0,6887,3365.0,3363.0,2022-05-19 08:27:56
Fut0_J2209,3334.0,3365.5,6889,3364.5,3363.0,2022-05-19 08:27:57
Fut0_J2209,3334.0,3365.5,6891,3365.0,3363.0,2022-05-19 08:27:59
Fut0_J2209,3334.0,3363.0,6892,3365.0,3363.0,2022-05-19 08:28:00
Fut0_J2209,3334.0,3363.0,6892,3365.0,3363.5,2022-05-19 08:28:01
Fut0_J2209,3334.0,3363.0,6892,3364.0,3363.0,2022-05-19 08:28:02
Fut0_J2209,3334.0,3363.0,6894,3363.5,3362.0,2022-05-19 08:28:08
Fut0_J2209,3334.0,3363.0,6897,3363.5,3362.5,2022-05-19 08:28:09
Fut0_J2209,3334.0,3362.5,6898,3362.5,3362.0,2022-05-19 08:28:10
Fut0_J2209,3334.0,3362.5,6899,3363.0,3362.0,2022-05-19 08:28:13
Fut0_J2209,3334.0,3362.0,6901,3362.5,3362.0,2022-05-19 08:28:14
Fut0_J2209,3334.0,3363.0,6904,3363.0,3361.5,2022-05-19 08:28:15
Fut0_J2209,3334.0,3363.0,6909,3363.0,3361.0,2022-05-19 08:28:18
Fut0_J2209,3334.0,3363.0,6909,3363.0,3361.5,2022-05-19 08:28:19
Fut0_J2209,3334.0,3361.5,6911,3363.0,3361.5,2022-05-19 08:28:21
Fut0_J2209,3334.0,3361.5,6911,3363.0,3361.0,2022-05-19 08:28:22
Fut0_J2209,3334.0,3363.0,6912,3363.0,3361.5,2022-05-19 08:28:23
Fut0_J2209,3334.0,3363.0,6913,3363.0,3361.0,2022-05-19 08:28:24
Fut0_J2209,3334.0,3363.0,6913,3363.0,3361.0,2022-05-19 08:28:25
Fut0_J2209,3334.0,3363.0,6916,3363.0,3361.5,2022-05-19 08:28:26
Fut0_J2209,3334.0,3363.0,6920,3363.5,3362.0,2022-05-19 08:28:28
Fut0_J2209,3334.0,3363.0,6920,3363.0,3362.0,2022-05-19 08:28:29
Fut0_J2209,3334.0,3363.5,6923,3364.0,3363.0,2022-05-19 08:28:30
Fut0_J2209,3334.0,3363.5,6923,3363.5,3363.0,2022-05-19 08:28:32
Fut0_J2209,3334.0,3363.5,6925,3364.0,3363.0,2022-05-19 08:28:34
Fut0_J2209,3334.0,3363.5,6928,3364.0,3361.5,2022-05-19 08:28:35
Fut0_J2209,3334.0,3363.5,6928,3363.0,3361.5,2022-05-19 08:28:36
Fut0_J2209,3334.0,3363.0,6929,3364.0,3361.5,2022-05-19 08:28:38
Fut0_J2209,3334.0,3363.0,6929,3363.0,3361.5,2022-05-19 08:28:40
Fut0_J2209,3334.0,3363.0,6930,3363.5,3361.5,2022-05-19 08:28:47
Fut0_J2209,3334.0,3361.0,6932,3361.5,3360.0,2022-05-19 08:28:49
Fut0_J2209,3334.0,3361.0,6932,3361.5,3360.5,2022-05-19 08:28:50
Fut0_J2209,3334.0,3360.5,6933,3361.0,3360.5,2022-05-19 08:28:51
Fut0_J2209,3334.0,3360.5,6933,3361.0,3360.0,2022-05-19 08:28:54
Fut0_J2209,3334.0,3360.5,6933,3361.0,3360.0,2022-05-19 08:28:55
Fut0_J2209,3334.0,3360.5,6933,3361.0,3360.0,2022-05-19 08:28:56
Fut0_J2209,3334.0,3361.0,6934,3361.5,3360.5,2022-05-19 08:28:58
Fut0_J2209,3334.0,3361.0,6934,3361.5,3360.5,2022-05-19 08:28:59
Fut0_J2209,3334.0,3360.5,6937,3361.5,3360.0,2022-05-19 08:29:00
Fut0_J2209,3334.0,3360.5,6937,3361.5,3360.5,2022-05-19 08:29:01
Fut0_J2209,3334.0,3361.5,6940,3363.0,3361.0,2022-05-19 08:29:03
Fut0_J2209,3334.0,3361.5,6941,3363.0,3361.0,2022-05-19 08:29:04
Fut0_J2209,3334.0,3361.5,6941,3363.0,3362.0,2022-05-19 08:29:05
Fut0_J2209,3334.0,3363.0,6943,3364.0,3363.0,2022-05-19 08:29:06
Fut0_J2209,3334.0,3363.0,6943,3364.0,3362.0,2022-05-19 08:29:08
Fut0_J2209,3334.0,3364.0,6945,3364.5,3362.5,2022-05-19 08:29:09
Fut0_J2209,3334.0,3364.0,6945,3364.0,3362.0,2022-05-19 08:29:10
Fut0_J2209,3334.0,3364.0,6945,3364.5,3362.5,2022-05-19 08:29:11
Fut0_J2209,3334.0,3364.5,6948,3365.0,3362.5,2022-05-19 08:29:12
Fut0_J2209,3334.0,3364.5,6948,3365.0,3362.5,2022-05-19 08:29:13
Fut0_J2209,3334.0,3365.0,6949,3365.0,3362.5,2022-05-19 08:29:15
Fut0_J2209,3334.0,3365.0,6949,3364.5,3362.5,2022-05-19 08:29:17
Fut0_J2209,3334.0,3365.0,6956,3365.0,3364.0,2022-05-19 08:29:18
Fut0_J2209,3334.0,3364.0,6957,3364.5,3362.5,2022-05-19 08:29:19
Fut0_J2209,3334.0,3364.5,6958,3365.0,3363.0,2022-05-19 08:29:20
Fut0_J2209,3334.0,3364.5,6958,3364.5,3363.0,2022-05-19 08:29:21
Fut0_J2209,3334.0,3364.5,6959,3363.0,3362.5,2022-05-19 08:29:22
Fut0_J2209,3334.0,3362.5,6960,3362.0,3360.5,2022-05-19 08:29:23
Fut0_J2209,3334.0,3362.5,6966,3362.5,3361.0,2022-05-19 08:29:24
Fut0_J2209,3334.0,3362.5,6966,3362.5,3361.0,2022-05-19 08:29:25
Fut0_J2209,3334.0,3362.5,6966,3363.0,3362.0,2022-05-19 08:29:26
Fut0_J2209,3334.0,3363.0,6968,3364.5,3363.0,2022-05-19 08:29:28
Fut0_J2209,3334.0,3363.0,6969,3364.5,3363.0,2022-05-19 08:29:29
Fut0_J2209,3334.0,3364.5,6970,3366.0,3363.0,2022-05-19 08:29:30
Fut0_J2209,3334.0,3365.0,6974,3364.5,3362.0,2022-05-19 08:29:31
Fut0_J2209,3334.0,3365.0,6974,3365.0,3363.0,2022-05-19 08:29:32
Fut0_J2209,3334.0,3363.0,6977,3363.0,3362.5,2022-05-19 08:29:34
Fut0_J2209,3334.0,3366.0,6981,3366.0,3364.0,2022-05-19 08:29:35
Fut0_J2209,3334.0,3364.5,6983,3365.0,3363.0,2022-05-19 08:29:36
Fut0_J2209,3334.0,3364.5,6983,3365.0,3363.0,2022-05-19 08:29:37
Fut0_J2209,3334.0,3365.0,6984,3365.0,3363.0,2022-05-19 08:29:38
Fut0_J2209,3334.0,3365.0,6984,3365.0,3363.5,2022-05-19 08:29:39
Fut0_J2209,3334.0,3365.0,6985,3365.5,3363.0,2022-05-19 08:29:41
Fut0_J2209,3334.0,3365.0,6985,3365.5,3363.0,2022-05-19 08:29:42
Fut0_J2209,3334.0,3365.0,6986,3365.5,3363.0,2022-05-19 08:29:43
Fut0_J2209,3334.0,3365.0,6986,3365.0,3363.0,2022-05-19 08:29:44
Fut0_J2209,3334.0,3365.0,6986,3365.0,3363.0,2022-05-19 08:29:45
Fut0_J2209,3334.0,3363.0,6989,3363.5,3363.0,2022-05-19 08:29:47
Fut0_J2209,3334.0,3362.5,6993,3363.0,3362.0,2022-05-19 08:29:48
Fut0_J2209,3334.0,3362.5,6994,3363.0,3362.5,2022-05-19 08:29:49
Fut0_J2209,3334.0,3362.5,6994,3362.5,3362.0,2022-05-19 08:29:50
Fut0_J2209,3334.0,3361.5,6998,3361.5,3361.0,2022-05-19 08:29:51
Fut0_J2209,3334.0,3361.0,6999,3361.5,3361.0,2022-05-19 08:29:52
Fut0_J2209,3334.0,3361.5,7000,3361.5,3360.5,2022-05-19 08:29:58
Fut0_J2209,3334.0,3361.5,7001,3361.0,3360.5,2022-05-19 08:30:00
Fut0_J2209,3334.0,3361.0,7004,3361.5,3361.0,2022-05-19 08:30:01
Fut0_J2209,3334.0,3361.5,7005,3362.0,3360.5,2022-05-19 08:30:02
